4440 5752
969 610 1157 658 Al‘l'ilNOlY
1184 611 1246 659 Vll.

1067 866 1162 947 Vll.

393 1067 640 1152 cultram
688 1063 949 1145 Patruus
996 1064 1065 1145 AT
1109 1064 1222 1144 THE
1268 1063 1625 1150 DEDIOATION
1670 1064 1742 1150 OF
1789 1066 1827 1145 A

986 1227 1237 1312 OHUROH.

579 1425 776 1525 Fnonrun
805 1450 1176 1525 “PONTIFIOALE
1214 1453 1647 1528 GEMMETIOENSE.”

354 1679 432 1742 'suu
449 1678 621 1763 following
637 1678 779 1761 Prayers
795 1697 851 1740 are
866 1676 968 1740 found
984 1677 1018 1739 in
1034 1677 1091 1741 tue
1111 1679 1202 1742 Ordo
1219 1679 1371 1761 qualiter
1393 1679 1521 1742 Domus
1544 1679 1609 1742 Dei
1633 1679 1867 1742 consecranda

352 1792 401 1845 est
419 1782 453 1846 in
469 1783 526 1846 the
544 1781 743 1864 Pontijioale
762 1780 1028 1855 Cernmstioensc,
1044 1780 1104 1844 but
1120 1788 1178 1845 not
1201 1781 1252 1865 (so
1268 1781 1320 1846 far
1335 1803 1373 1845 as
1390 1781 1406 1844 I
1423 1783 1508 1845 bave
1524 1781 1697 1865 observed)
1720 1781 1754 1844 in
1770 1779 1868 1844 other

355 1884 496 1969 English
515 1884 772 1949 Se1·vice-Books
784 1906 841 1946 :-

814 2073 818 2084 ’
848 2092 910 2152 Ad
920 2101 1085 2170 pateream
1101 2093 1376 2154 consecrandam.
1768 2173 1775 2183 κ

441 2194 531 2258 Deus
547 2195 603 2278 qui
619 2200 695 2278 post
709 2193 847 2276 tipicum
864 2193 988 2277 pascha
1003 2201 1037 2256 et
1052 2193 1119 2256 esis
1135 2193 1212 2279 agui
1230 2195 1385 2258 carnibus
1400 2216 1518 2280 panem
1543 2215 1584 2257 ex
1606 2195 1716 2259 catino
1733 2215 1867 2284 sumere

352 2300 386 2360 in
402 2297 527 2382 proprii
544 2295 790 2381 comparatione
806 2296 965 2379 corporis,
980 2302 1014 2358 et
1029 2295 1202 2380 discipulis
1218 2296 1418 2361 distribuere
1434 2297 1593 2382 dignatus
1609 2319 1657 2375 es,
1673 2303 1706 2361 te
1724 2296 1866 2382 supplici

356 2402 529 2465 devotione
545 2400 765 2484 deposcimus,
782 2407 819 2462 ut
835 2399 1022 2482 quicunque
1039 2420 1079 2460 ex
1095 2399 1158 2463 hac
1173 2407 1297 2484 patena
1312 2422 1368 2464 ore
1392 2422 1511 2486 panem
1528 2408 1695 2466 sacratum
1712 2421 1868 2485 percepe-

354 2507 431 2579 rint,
476 2505 523 2567 Te
540 2504 651 2566 vivum
668 2508 702 2566 et
717 2523 831 2565 verum
848 2523 966 2586 panem
983 2501 1079 2563 corde
1096 2503 1331 2585 concupiscant
1347 2511 1381 2567 et
1402 2503 1538 2589 capiant
1553 2510 1587 2569 et
1601 2503 1864 2568 benedictionem

354 2613 545 2671 mereantur
560 2606 729 2691 percipere
746 2605 992 2689 sempiternem.
1040 2604 1112 2667 Per.
1131 2618 1145 2645 ⁵

996 2708 1058 2768 Ad
1073 2708 1224 2771 calicem.

440 2811 582 2875 Oramus
606 2818 638 2876 te
662 2810 801 2875 Domine
831 2809 923 2873 Deus
946 2821 1069 2885 noster,
1094 2814 1131 2873 ut
1154 2808 1290 2873 calicem
1314 2810 1414 2874 istum
1438 2811 1471 2874 in
1497 2833 1592 2876 usum
1617 2811 1793 2876 ministerii
1817 2813 1868 2877 tui

351 2898 609 2962 consecrandum
630 2897 772 2961 caelestis
795 2896 910 2980 gratiae
934 2896 1151 2979 inspiratione
1175 2897 1373 2972 sanctifices,
1389 2904 1424 2960 et
1446 2898 1488 2962 ad
1511 2899 1688 2963 humanam
1712 2899 1866 2963 benedic·

350 3001 473 3064 tionem
490 3000 727 3085 plenitudinem
744 2999 844 3062 divini
862 2998 985 3071 favoris
999 2999 1235 3074 accommodes,
1252 3000 1316 3062 Per
1331 2998 1508 3064 Dominum
1526 3003 1721 3065 nostrum.¹’

875 3102 919 3163 Ia
938 3103 1198 3166 Consecratione
1218 3103 1348 3167 Crucis.

508 3209 579 3270 Hic
597 3207 694 3270 tatros
710 3206 809 3267 iilam
828 3206 966 3268 Crucem
983 3226 1056 3267 cum
1072 3226 1165 3287 aqua
1183 3208 1358 3271 benedicta
1374 3217 1407 3270 et
1421 3209 1478 3271 dic
1496 3209 1700 3274 Orationem.

440 3312 655 3396 Omnipotens
681 3310 818 3373 AEterne
844 3306 944 3383 Deus,
970 3308 1070 3371 Pater
1094 3309 1226 3371 Domini
1253 3310 1358 3375 nostri
1384 3309 1468 3375 Jesu
1492 3310 1629 3389 Christi,
1650 3320 1688 3377 tu
1713 3313 1866 3378 eonditor

356 3415 435 3491 ceti,
457 3414 608 3478 conditor
630 3412 813 3476 animarum
837 3408 919 3490 [mel
941 3410 1149 3495 angelorum'
1166 3434 1270 3475 manu
1287 3416 1488 3500 posteriori]
1510 3420 1545 3478 et
1567 3414 1722 3493 siderum,
1739 3421 1776 3481 tu
1791 3416 1866 3479 firn-

353 3519 439 3583 dasti
457 3526 579 3582 terram
597 3535 697 3600 super
713 3513 930 3577 stabilitatem
947 3534 1053 3588 stiam,
1066 3519 1102 3576 tu
1119 3515 1239 3578 creasti
1256 3537 1357 3590 mare,
1376 3524 1411 3579 tu
1429 3515 1521 3580 solus
1538 3517 1755 3603 Omnipotens
1771 3518 1864 3583 Deus

354 3621 424 3684 sine
440 3619 599 3704 principio
616 3625 650 3682 et
667 3617 737 3680 sine
755 3617 838 3691 tine;
862 3615 1099 3679 benedic-banc
1115 3637 1243 3680 crucem
1269 3617 1462 3682 fabricatam
1486 3619 1527 3684 ad
1551 3619 1659 3684 instar
1674 3626 1709 3685 et
1724 3621 1766 3686 ad
1781 3621 1864 3686 ima·

351 3724 461 3806 ginem
478 3721 584 3786 crucis
600 3721 633 3783 in
650 3741 716 3804 qua
732 3739 852 3803 passus
868 3724 920 3782 est
940 3717 1047 3782 Filius
1070 3725 1149 3782 tuus
1173 3719 1365 3805 unigenitus
1380 3720 1481 3785 Jesus
1504 3701 1658 3787 Oba-istus
1674 3745 1734 3808 pro
1751 3724 1862 3790 salute

351 3826 474 3902 usundi,
491 3846 561 3910 quse
585 3830 659 3888 erat
681 3823 802 3886 diffusa
824 3842 898 3884 rore
923 3822 1056 3906 proprio
1079 3821 1226 3886 decorati
1250 3824 1422 3907 sanguinis
1444 3824 1526 3888 Jesu
1551 3824 1675 3890 Christi
1697 3826 1775 3892 Filii
1791 3829 1863 3904 tui3

350 3929 575 3993 benedicimus
591 3933 625 3989 et
640 3945 873 3989 consecramus
889 3924 987 3987 istam
1005 3945 1134 3987 crucem
1153 3925 1185 3986 in
1201 3925 1358 3989 honorem
1375 3932 1410 3990 et
1431 3928 1624 3993 memoriam
1640 3930 1785 3994 nominis
1800 3931 1862 4008 tui,

351 4038 388 4096 ut
403 4032 448 4096 sit
465 4030 637 4096 benedicta
661 4035 694 4091 et
718 4032 910 4090 consecrata
934 4027 1002 4090 ltaec
1026 4048 1107 4090 crux
1132 4028 1219 4091 inter
1244 4030 1404 4112 mysteria
1426 4029 1651 4096 ecclesiastica
1675 4033 1710 4095 iu
1736 4034 1861 4098 honore

354 4134 539 4206 Trinitatis,
556 4132 666 4196 Patris
683 4138 716 4193 et
731 4129 808 4192 Filii
826 4135 860 4192 et
877 4129 1022 4213 Spiritus
1041 4130 1165 4206 Sancti,
1182 4131 1238 4214 qui
1256 4140 1363 4195 tecum
1381 4132 1496 4199 vivit.⁶

437 4340 507 4402 Tne
536 4345 602 4403 two
630 4344 709 4399 next
735 4357 791 4399 are
819 4335 918 4428 frmml
950 4335 1028 4398 with
1056 4337 1170 4399 rather
1197 4336 1422 4401 considerable
1449 4340 1632 4405 variations
1659 4340 1693 4404 in
1719 4343 1860 4406 another

353 4446 436 4506 t'orm
449 4465 498 4504 :-

905 4642 1110 4713 ‘Arcboeoloyia
1124 4662 1193 4712 xxc,
1208 4663 1233 4717 p.
1248 4646 1308 4699 26⁴.

905 4731 918 4768 b
933 4730 1113 4800 ,trctoeotoyio
1126 4750 1194 4798 xxv,
1210 4751 1233 4804 p.
1248 4733 1308 4786 aut.

906 4830 916 4856 ⁰
932 4820 997 4873 tou.
1014 4837 1037 4890 p.
1053 4821 1112 4872 266.
