4440 5752
908 627 1094 678 arrasum
1119 629 1181 678 vr:
1752 623 1793 685 95

371 802 456 866 Post
471 802 532 867 loo
548 812 692 886 turpant
710 804 906 885 penitentes,
924 813 956 868 ct
970 813 1172 868 moneantur
1194 806 1238 869 ab
1261 806 1417 889 episcopo
1440 816 1488 883 at,
1504 811 1597 891 quod
1613 811 1799 891 penitendo

284 904 462 982 diluerint,
478 908 636 971 iterando
653 928 720 970 non
736 915 900 972 revocent.

819 1136 898 1177 xxx.
922 1114 1123 1178 Benedictio
1140 1114 1257 1198 cilicij.

373 1217 505 1280 Oratio.
529 1215 746 1301 Omnipotens
762 1222 797 1280 et
813 1216 1002 1280 misericors
1018 1215 1110 1280 Deus
1125 1216 1180 1300 qui
1197 1218 1427 1302 peecatoribus
1449 1224 1484 1284 et
1505 1218 1642 1304 pietatis
1665 1227 1721 1284 tue
1736 1221 1795 1283 mi·

283 1317 496 1382 sericordiam
509 1319 726 1402 querentibus
741 1318 804 1383 boc
816 1319 1010 1383 indumento
1023 1319 1156 1383 uestitis
1169 1320 1427 1386 misericordiam
1440 1330 1475 1386 et
1485 1323 1616 1386 neniam
1628 1323 1776 1387 tribuisti
1787 1348 1795 1400 ;

284 1442 417 1484 oramus
430 1420 642 1486 clemenciam
659 1427 752 1486 tunm
768 1429 807 1486 ut
824 1422 886 1486 hoc
897 1422 1140 1498 indumentum,
1152 1423 1239 1507 quod
1251 1431 1390 1489 vocatur
1400 1424 1542 1489 cilicium
1558 1425 1750 1490 benedicere
1762 1434 1798 1490 et

283 1525 389 1588 sancti
406 1525 445 1605 ·1‹
460 1525 558 1589 ficare
583 1525 750 1611 digneris;
774 1531 814 1588 ut
838 1526 1038 1609 quicumque
1063 1545 1102 1588 eo
1126 1547 1187 1611 pro
1212 1528 1356 1611 peccatis
1382 1528 1451 1592 suis
1475 1529 1612 1594 indutus
1635 1529 1738 1595 fuerit
1762 1537 1798 1595 et

282 1626 540 1693 misericordiam
553 1627 793 1711 implorauerit,
807 1629 941 1693 ueniam
953 1635 989 1692 et
1000 1627 1245 1715 indulgenciam
1258 1636 1315 1694 tue
1328 1631 1552 1696 misericordie
1565 1640 1797 1717 consequatur.

282 1729 355 1792 Per.

864 1834 1062 1898 Benedictio
1079 1835 1212 1899 cineris.

371 1937 503 2008 Oratio,
526 1934 620 2000 Deus
637 1934 858 2021 indulgencie,
874 1935 966 2000 Deus
981 1937 1117 2021 pietatis
1133 1946 1168 2001 et
1182 1938 1418 2015 misericordie,
1433 1939 1490 2022 qui
1506 1938 1670 2004 Niniuitis
1686 1941 1795 2004 cinere

282 2047 314 2103 et
331 2039 438 2103 cilicio
454 2039 580 2105 indutis
596 2045 632 2104 et
653 2039 913 2104 misericordiam
937 2046 1030 2104 tunm
1053 2039 1274 2106 clamantibus
1298 2043 1493 2117 subvenisti,
1510 2043 1629 2106 exaudi
1645 2064 1705 2107 nos
1721 2064 1796 2128 pro·

282 2145 399 2228 pimus,
415 2150 453 2208 ut
476 2144 562 2207 hanc
585 2149 771 2208 creaturum
789 2142 911 2207 cineris
928 2165 992 2228 quo
1017 2149 1206 2228 peccatores
1229 2144 1471 2230 indulgenciam
1494 2151 1550 2209 tue
1573 2147 1795 2211 misericordie

281 2247 502 2333 implorantes
519 2253 669 2322 utuntur,
681 2246 895 2322 benedicere3
919 2253 953 2310 et
964 2247 1236 2314 sanctificationis
1252 2255 1309 2312 tue
1324 2249 1468 2333 graciam
1487 2269 1588 2335 super
1602 2272 1676 2315 eum
1687 2252 1796 2315 infun·

281 2351 359 2415 dere
375 2351 533 2437 digneris,
549 2357 597 2427 ut,
613 2351 765 2434 quisquis
788 2349 880 2415 illius
904 2349 1042 2436 puluere
1066 2371 1224 2434 aspersus
1245 2351 1357 2427 luerit,
1372 2349 1616 2436 indulgenciam
1633 2359 1667 2417 et
1682 2354 1798 2418 remis·

281 2456 404 2520 sionem
422 2460 615 2520 cunctorum
631 2476 652 2518 a
666 2460 700 2519 te
717 2453 771 2540 pio
788 2452 931 2518 Domino
946 2454 1116 2539 percipere
1131 2462 1299 2519 mereatur
1312 2453 1519 2519 delictorum.
1565 2456 1639 2520 Per.

574 2660 689 2744 xxxiij.
713 2661 913 2725 Benedictio
929 2682 1031 2742 super
1043 2668 1235 2744 ynsoqincm
1250 2661 1303 2724 vel
1315 2663 1501 2743 ymagines.

858 2762 1019 2827 Dominus
1035 2763 1215 2828 vobiscum.

368 2865 460 2929 Deus
475 2866 570 2930 cuius
586 2865 827 2950 omnipotencie
842 2864 977 2950 placere
995 2886 1178 2949 speramus,
1190 2866 1241 2930 cui
1258 2865 1509 2930 multiformiter
1525 2865 1713 2949 sanctisque
1729 2865 1797 2929 tuis

280 2975 412 3032 tuorum
438 2969 573 3033 devocio
599 2968 797 3033 famulorum
823 2968 984 3032 attribuit
1011 2969 1180 3044 honorem,
1206 2973 1240 3032 te
1265 2967 1433 3053 supplices
1457 2968 1601 3052 petimus
1630 2977 1668 3032 ut
1698 2989 1798 3053 super

279 3073 364 3136 banc
381 3093 512 3158 semper
526 3071 665 3157 virginis
681 3072 789 3136 Marie
805 3071 996 3157 ymaginem
1015 3071 1159 3143 sormam
1183 3070 1342 3135 salutaris
1365 3071 1413 3136 tui
1437 3069 1569 3134 Domini
1592 3071 1699 3134 nostri
1714 3071 1797 3135 Jesu

280 3173 404 3238 Christi
420 3175 587 3260 gestantis
603 3180 694 3238 tuam
710 3173 976 3238 benedictionem
993 3174 1166 3251 infundas;
1190 3178 1225 3239 et
1245 3180 1359 3260 presta
1373 3182 1412 3238 ut
1426 3195 1633 3258 quocumque
1649 3173 1794 3238 locorum

280 3280 381 3343 tuerit
396 3283 590 3363 presentata
605 3276 712 3341 omnis
728 3278 839 3341 uirtus
854 3276 1030 3354 diabolica,
1047 3278 1218 3363 omnisque
1237 3277 1442 3342 machinacio
1458 3276 1606 3362 maligna
1620 3277 1735 3364 procul
1752 3278 1797 3343 sit

280 3383 466 3457 absentatu,
482 3379 693 3462 fideliumque
709 3388 789 3443 uota
806 3379 876 3444 sint
891 3380 1058 3457 exaudita,
1073 3388 1109 3444 et
1131 3402 1191 3465 pro
1211 3401 1407 3465 quacunque
1423 3380 1641 3446 tribulacione
1656 3389 1795 3468 rogatus

280 3484 393 3559 fueris,
419 3483 491 3547 eius
516 3481 752 3547 intercessione
779 3483 855 3566 pius
882 3481 1017 3546 auditor
1049 3504 1194 3547 occurre.
1247 3483 1450 3566 Experiatur
1478 3484 1560 3547 inibi
1590 3486 1794 3572 armipotens

279 3588 472 3674 angelorum
489 3591 621 3650 tuorum
638 3585 738 3660 tucio,
754 3593 789 3648 et
805 3585 1003 3649 intemerate
1021 3585 1158 3670 virginis
1174 3585 1282 3650 Marie
1297 3585 1558 3652 clementissima
1573 3588 1794 3675 supplicacio:

280 3701 393 3758 sancte
409 3709 541 3776 quoque
557 3689 691 3752 virtutis
707 3695 763 3750 tue
782 3687 967 3752 benedictio
991 3708 1054 3771 que
1080 3688 1266 3753 venerando
1291 3688 1475 3773 signamine
1502 3711 1562 3756 suo
1587 3691 1676 3758 mala
1691 3695 1793 3758 omni-

279 3797 363 3861 faria
378 3795 527 3859 eliminet
542 3798 577 3856 et
591 3811 753 3875 prospera
770 3789 925 3854 universa
942 3789 1203 3868 subintroducat,
1219 3812 1280 3876 per
1294 3791 1443 3857 eundem.

367 3898 457 3963 Deus
473 3895 580 3961 omnis
596 3895 681 3959 bone
700 3893 852 3971 actionis,
866 3894 923 3958 &a
968 3892 1020 3978 (L.
1036 3893 1126 3977 229.)
