4440 5760
1045 587 1234 639 Aenusolx
1257 588 1297 635 11.

971 762 1153 844 Praefatio
1169 761 1370 825 exorcistae.

501 867 607 931 Deum
622 868 759 932 Patrum
778 914 784 930 .
804 914 810 928 .
829 914 835 928 .
852 865 936 930 vivit
954 866 1008 950 (E.
1028 866 1084 948 13)
1105 869 1140 928 et
1163 867 1284 949 regnat
1307 861 1399 926 Deus
1423 860 1458 923 in
1481 858 1611 924 unitate
1636 856 1782 943 Spiritus
1807 857 1920 922 Sancti

414 993 473 1055 per
488 971 607 1035 omnia.

956 1071 1157 1134 Benedictio
1173 1069 1375 1131 exorcistae.

500 1174 638 1240 Domine
656 1176 775 1240 Sancte
792 1174 915 1239 Pater.
934 1222 941 1236 .
958 1222 965 1235 .
983 1172 1196 1236 confirmatus
1211 1171 1285 1253 (vel
1299 1167 1498 1251 confirmati)
1513 1187 1582 1253 per.
1628 1166 1666 1233 E.
1684 1168 1735 1231 13.

925 1277 1112 1357 Hucusque
1129 1277 1249 1338 tertius
1260 1275 1404 1357 produc.

932 1478 1154 1559 [Onnmnnio
1176 1478 1405 1562 Acconmn]q

205 1586 223 1620 *
242 1581 313 1646 Fol.
330 1583 381 1665 3b.
499 1584 663 1648 Aeolitus
679 1605 753 1648 oum
769 1585 951 1647 ordinatur
967 1631 974 1645 .
993 1631 1000 1646 .
1018 1630 1025 1644 .
1042 1584 1173 1656 debeat,
1189 1583 1251 1644 sub
1265 1591 1278 1620 ¹
1293 1579 1572 1645 archidiacono*
1583 1579 1918 1661 accipiatcerosero-

412 1687 501 1750 rium
517 1707 592 1750 cum
607 1696 727 1750 cereo·
744 1735 751 1750 .
770 1735 776 1750 .
795 1735 801 1750 .
818 1686 973 1766 corporis
992 1686 1131 1748 Christi.

910 1788 1109 1853 Benedictio
1124 1784 1177 1870 (E.
1194 1783 1251 1867 14)
1266 1783 1417 1848 accoliti.

499 1890 715 1975 Omnipotens
731 1888 929 1972 sempiterne
946 1888 1038 1952 Deus
1055 1936 1062 1951 .
1080 1936 1087 1951 .
1106 1935 1112 1950 .
1129 1886 1309 1960 redemisti,
1325 1886 1336 1922 ²
1350 1889 1377 1950 s
1392 1886 1425 1947 iu
1442 1904 1537 1949 cruce
1553 1883 1699 1967 pendens
1723 1881 1918 1964 sanguninem

409 1992 574 2075 &aquam
591 1993 631 2055 de
647 1992 753 2056 latere
770 1998 827 2055 tuo
850 2013 910 2077 pro
926 2012 1047 2075 genere
1070 1992 1214 2052 humano
1236 1988 1374 2051 fundere
1390 1987 1548 2072 dignatus
1563 2006 1610 2063 es,
1624 1989 1726 2070 &per
1747 1986 1918 2070 apostolos

409 2099 486 2157 tuos
508 2094 543 2156 in
565 2095 628 2158 hoo
643 2093 755 2157 seculo
772 2094 883 2156 lumen
899 2094 1029 2175 gratiae
1054 2091 1215 2176 spiritalis
1235 2090 1368 2166 misisti,
1384 2089 1604 2153 ‘benedicere
1629 2138 1636 2152 .
1655 2137 1686 2151 ..
1710 2087 1918 2153 clementiam

409 2201 511 2273 tuam,
527 2203 565 2259 ut
580 2205 689 2259 mente
705 2197 780 2278 (uel
794 2198 937 2277 mentes)
953 2197 983 2259 &
1001 2214 1057 2258 cor
1072 2194 1144 2258 eius
1168 2192 1281 2279 (eorda
1296 2191 1423 2277 eornm)
1445 2191 1568 2255 lumine
1587 2190 1745 2256 scientiae
1768 2239 1775 2254 .
1792 2238 1801 2255 .
1820 2238 1827 2254 .
1850 2212 1917 2256 me·

409 2302 522 2361 rentur
536 2299 610 2380 (oei
624 2296 839 2380 mereantur),
855 2317 924 2380 per.
940 2305 956 2332 ¹¹

410 2497 512 2563 ORDO
542 2514 729 2572 QUALITER
760 2515 800 2562 IN
830 2515 983 2564 RONANA
1013 2514 1213 2563 AEchEsln
1248 2513 1486 2563 PRAESBI'I'IIRI
1517 2513 1666 2565 DIACONI
1699 2513 1917 2563 SUBDIAGONI

981 2616 1191 2664 ORDINANDI
1215 2617 1316 2665 SUN'I.
1332 2613 1347 2641 '

494 2701 626 2764 Mensis
637 2702 747 2782 princi
764 2713 782 2743 '
799 2703 866 2786 iiij.
882 2710 897 2737 ¹
914 2703 972 2786 vij.
988 2715 1002 2751 5
1018 2724 1053 2765 cc.
1069 2711 1080 2739 ²
1097 2706 1318 2767 sabbatorum
1339 2704 1395 2767 dio
1411 2703 1449 2766 in
1463 2702 1526 2787 aij.
1544 2701 1701 2767 lectiones
1717 2715 1732 2744 ⁸
1747 2705 1796 2766 ad
1809 2704 1918 2769 Sanc·

410 2811 479 2864 tum
493 2804 633 2866 Petrum
648 2806 707 2865 ubi
723 2806 846 2865 missae
863 2802 1087 2867 celebrantur.
1105 2805 1122 2839 ⁴*

201 2915 219 2949 *
237 2910 308 2975 Fol.
325 2932 355 2991 4.
494 2906 686 2986 Postquain
713 2886 939 2984 antiphonam
964 2908 1013 2968 od
1038 2908 1216 2968 introitum
1242 2907 1404 2981 dicerint,
1427 2908 1514 2969 data
1540 2907 1706 2981 oratione,
1732 2909 1920 2972 annuntiat

400 3010 560 3090 pontifico
576 3010 611 3068 in
623 3007 791 3086 populum
807 3009 821 3045 ὓ
837 3009 964 3081 dicens,
981 3008 1172 3071 Auxiliante
1188 3007 1259 3071 Deo
1275 3015 1309 3071 et
1323 3007 1463 3071 Domino
1479 3008 1614 3072 Nostro.

493 3107 690 3170 Auxiliante
719 3105 791 3168 Deo
824 3114 858 3169 et
890 3106 1032 3169 Domino
1060 3117 1185 3183 nostro,
1208 3121 1220 3149 ⁰
1244 3108 1405 3192 elegimus
1427 3110 1461 3171 in
1485 3107 1658 3188 [ordinem]
1682 3108 1822 3186 diaconi,
1849 3112 1918 3176 sive

407 3208 616 3290 praesbiteri,
628 3208 697 3271 sive
711 3207 901 3270 subdiaconi
914 3208 954 3270 de
966 3208 1065 3272 titulo
1077 3207 1145 3285 illo,
1161 3207 1280 3271 diuum
1292 3211 1533 3292 praesbiterum
1544 3211 1585 3275 de
1597 3209 1695 3276 titulo
1706 3210 1775 3275 illo.
1807 3212 1917 3296 Siquis

409 3355 415 3371 .
434 3356 441 3370 .
459 3355 466 3371 .
491 3308 619 3372 Verum
634 3314 747 3373 tumen
762 3319 776 3348 ⁰
791 3329 917 3371 memor
932 3310 978 3374 sit
992 3311 1230 3374 communionis
1246 3332 1336 3375 suae.
1381 3311 1419 3375 E.
1437 3313 1467 3375 9.

476 3558 490 3596 s
505 3547 718 3620 ‘Cerojirarium
731 3568 805 3619 cereo,
819 3555 843 3604 et
855 3551 982 3604 urceduni
996 3569 1108 3606 euenum
1120 3553 1157 3606 ad
1160 3551 1337 3625 fundendum
1349 3554 1457 3608 einum)
1494 3553 1524 3606 Ε.
1539 3553 1581 3608 13.

475 3645 486 3672 ¹
500 3639 507 3666 ‘
516 3636 568 3689 soa
579 3638 631 3690 ab.¹
670 3637 699 3690 Ε.
715 3638 756 3692 14.
770 3655 832 3692 cum
844 3638 945 3692 Concil.
960 3638 1057 3695 Kurth.

476 3724 590 3777 '‘ccro!
629 3723 659 3777 Ε.
675 3724 716 3778 14.
730 3743 792 3779 cum
806 3726 908 3780 Goncil.
923 3725 1031 3796 Κητὼ,
1047 3726 1194 3782 ‘coreis'O.
1208 3726 1525 3799 Il.-Mox‘Sunguinis
1543 3728 1660 3785 christi:
1697 3729 1796 3785 concil.
1818 3728 1914 3784 Karth.

405 3808 580 3880 (ed.Bruns.)

476 3900 485 3934 ῑ
499 3938 505 3949 .
522 3938 528 3952 .
544 3939 549 3951 .
565 3899 575 3933 i
587 3897 617 3950 E.
632 3897 693 3951 does
705 3905 754 3952 not
767 3901 877 3952 contnin
891 3899 945 3951 this
959 3899 1115 3969 theologica]
1128 3900 1255 3958 solecism.

476 3993 489 4020 ¹²
505 3987 539 4037 ‘t
553 4001 575 4038 o.
590 3992 621 4036 ut
634 3984 692 4053 ejus
705 3987 841 4052 mentem,'
855 3985 884 4036 E.
902 3985 943 4050 14,
957 3986 1046 4039 uhcre
1058 3988 1127 4040 nster
1139 3988 1193 4039 this
1205 3988 1380 4044 Benediction
1395 3987 1534 4058 'Sequitur
1544 3991 1617 4045 atu)

474 4081 489 4109 V
502 4071 567 4125 This
582 4071 653 4124 Ordo
666 4090 756 4125 occurs
768 4073 797 4124 in
811 4072 841 4124 E.
855 4077 884 4124 ut
896 4088 931 4125 an
944 4072 1039 4127 earlier
1051 4074 1128 4143 point
1141 4074 1177 4144 (p.
1191 4074 1228 4144 8).

476 4157 579 4211 'Add.
596 4159 792 4211 ‘ebdomadoi.'
829 4157 860 4210 E.
874 4157 898 4210 8.

475 4245 712 4298 ¹Add.‘ebd.ii.’
750 4243 818 4297 Ε.8.

475 4331 723 4386 incunctata)
760 4329 790 4381 Ε.
806 4329 830 4382 8.

475 4417 712 4470 *Addffcbaia’
750 4415 779 4469 E.
794 4416 818 4472 8.

475 4510 488 4538 ¹
503 4504 669 4556 ‘notionibus
681 4505 749 4556 sicut
762 4504 792 4555 in
804 4502 1006 4558 Sacramentum
1017 4505 1082 4559 libro
1093 4505 1257 4560 continetur!
1293 4503 1323 4559 Ε.
1337 4505 1361 4560 8.

475 4587 631 4657 ¹’populu'
646 4591 690 4643 Δῖ
731 4591 891 4658 ‘populum'
905 4610 949 4647 aa.

474 4685 487 4715 0
500 4677 677 4729 ‘Auxilinnte
691 4677 806 4731 Domino
820 4678 874 4730 Deo
886 4686 914 4732 et
926 4679 1055 4734 salvatori
1069 4683 1158 4732 nostro
1170 4678 1237 4733 boen
1250 4677 1373 4734 Christo:
1410 4681 1440 4735 Ε.
1455 4679 1471 4734 9
1485 4683 1525 4751 (et
1535 4681 1581 4736 boc
1592 4685 1667 4738 semet
1678 4687 1807 4755 tuntum).

476 4760 490 4798 ἃ
504 4764 511 4791 ‘
518 4761 552 4902 ἐξ]
567 4762 695 4900 ordinenpql
701 4763 795 4900 (1ὲείνο
808 4781 835 4834 p.
847 4764 925 4818 illum
938 4767 1130 4822 subdiaconum
1143 4767 1198 4824 eive
1210 4767 1352 4821 diaconum
1365 4767 1398 4823 do
1410 4768 1491 4823 titulo
1503 4768 1557 4824 111!
1593 4770 1624 4826 Ε.
1638 4771 1663 4826 9.

477 4856 508 4887 ⁸¹
543 4849 635 4903 erum)
697 4889 702 4901 .
736 4890 741 4901 .
