4440 5760
353 584 395 650 76
976 601 1160 650 xvrnvovx
1185 600 1234 650 1v.

437 772 507 856 Quo
523 773 611 838 dicto
626 778 717 838 totns
734 773 861 839 Oborus
876 775 955 840 dicit
972 775 1088 838 humili
1106 797 1184 839 voce
1200 775 1383 840 clamantes
1398 781 1499 858 atque
1521 775 1671 840 diceutes
1694 775 1767 839 Deo
1780 797 1862 859 yru-

351 877 419 938 tias
435 897 567 956 semper
582 898 736 960 cyamus.

438 979 622 1064 Episcopus
637 979 792 1065 populum
811 981 993 1045 solenniter
1008 982 1242 1046 benedicturus
1259 982 1351 1066 prius
1367 982 1448 1045 dicit
1464 987 1659 1065 sequentem
1678 981 1862 1046 orationem

352 1091 488 1158 secrete,
505 1092 539 1147 et
556 1085 616 1147 boc
631 1093 825 1148 consuetum
841 1086 873 1147 in
889 1085 1042 1148 omnibus
1058 1085 1345 1149 benedictionibus
1361 1105 1369 1146 t

437 1189 549 1268 Aperi
568 1189 708 1250 Domine
724 1209 783 1251 cor
798 1210 903 1251 meam
918 1196 966 1251 act
983 1190 1243 1253 benedicendam
1265 1210 1384 1252 nomen
1406 1197 1561 1250 sanctum
1585 1197 1700 1250 taam:
1722 1189 1863 1249 manda-

350 1311 414 1372 que
430 1312 489 1354 cor
503 1313 610 1355 meam
626 1292 671 1352 ab
686 1294 839 1354 omnibus
854 1295 953 1355 vanis
976 1302 1008 1356 et
1030 1294 1159 1375 iniquis
1183 1294 1468 1376 capitationibus:
1491 1302 1528 1354 ut
1552 1293 1715 1354 emandiri
1732 1310 1864 1353 merear

350 1398 539 1475 deprecans
557 1405 587 1458 te
600 1394 727 1475 populo
745 1404 800 1457 tuo
817 1416 913 1477 quem
928 1396 1060 1480 eiecisti
1077 1398 1151 1473 tibi,
1168 1397 1334 1460 Salvator
1356 1397 1500 1458 mandi:
1527 1395 1592 1473 Qui
1609 1416 1684 1459 cam
1712 1396 1779 1458 Deo
1794 1395 1863 1456 Pa·

352 1515 413 1573 tre,
429 1502 467 1560 in
482 1501 625 1571 unitate,
641 1501 696 1562 &a
741 1498 780 1561 R.
800 1503 918 1561 Amen.

439 1601 560 1664 Postea
575 1600 760 1683 Episcopus
776 1601 931 1665 mitratus
947 1623 983 1664 se
999 1586 1166 1666 vertat'ad
1182 1599 1339 1686 populum
1353 1608 1431 1665 ante
1443 1601 1587 1664 medium
1604 1599 1734 1664 altaris.
1772 1599 1863 1662 Tunc

352 1703 552 1789 Capelianus
576 1705 729 1767 minister
744 1726 764 1766 a
778 1704 906 1767 dextris
922 1707 1005 1788 ejus,
1023 1711 1058 1768 et
1082 1705 1250 1769 Diaconus
1275 1720 1394 1768 tenens
1419 1704 1573 1768 baculum
1599 1701 1804 1786 pastoralem
1828 1703 1862 1764 iu

352 1808 489 1870 sinistra
505 1829 604 1870 manu
620 1828 641 1870 a
657 1807 812 1883 sinistris,
829 1808 1027 1871 inclinantes
1043 1830 1079 1872 se
1096 1807 1256 1892 profunde
1272 1807 1445 1870 conversis
1460 1806 1569 1870 dorsis
1586 1806 1628 1870 ad
1646 1805 1763 1880 altare,
1781 1804 1863 1868 Sub·

351 1910 613 1975 diacononorum
638 1910 803 1994 Episcopo
825 1910 945 1975 librum
968 1911 1234 1975 benedictionum
1259 1920 1412 1995 apertum
1434 1917 1589 1973 tenente:
1613 1909 1768 1974 Pontifex
1784 1930 1862 1972 vero

352 2016 504 2079 manibus
521 2017 553 2077 in
569 2015 673 2079 situm
691 2014 838 2078 extensis
855 2015 994 2099 imponit
1010 2016 1139 2079 cubitos
1156 2036 1235 2078 suos
1252 2036 1353 2099 super
1369 2011 1524 2098 scapulas
1538 2013 1702 2077 dictorum
1718 2012 1861 2076 ministri

352 2126 386 2181 et
401 2118 549 2181 diaconi:
574 2119 734 2181 incohans
751 2117 903 2181 mediocri
920 2139 998 2181 voce
1021 2118 1284 2182 benedictionem
1308 2116 1509 2181 solennitate
1526 2124 1773 2201 congruentem,
1790 2136 1863 2200 pro·

351 2244 492 2306 sequeus
510 2222 601 2286 iilam
618 2224 652 2284 in
668 2230 748 2285 tono
764 2220 863 2285 solito
881 2242 983 2305 usque
999 2222 1033 2283 in
1049 2223 1160 2286 linem.

438 2326 520 2390 Oum
537 2335 649 2389 autem
666 2325 854 2408 pervenerit
866 2325 907 2388 ad
924 2324 1018 2387 iilum
1036 2325 1154 2400 iocum,
1168 2325 1369 2388 Benedictio
1385 2324 1451 2387 Dei
1464 2325 1532 2399 dvc„
1545 2329 1623 2387 tuno
1637 2323 1862 2387 subdiaconus

350 2430 543 2514 genuflectit
559 2450 599 2492 ne
617 2428 728 2512 popuii
750 2438 958 2512 prospectum
983 2428 1150 2512 impediat.
1197 2428 1243 2492 Et
1265 2426 1418 2491 Pontifex
1443 2427 1581 2491 dicendo
1605 2431 1652 2491 Et
1676 2428 1863 2490 benedictio

351 2534 416 2595 Dei
433 2534 552 2595 Patris
572 2533 810 2611 omnipotentis
833 2530 984 2614 producit
1007 2531 1138 2614 signum
1162 2531 1270 2594 crucis
1293 2551 1394 2614 super
1415 2530 1573 2615 populum
1597 2530 1631 2592 in
1654 2529 1861 2593 meridionali

349 2642 444 2719 parte
461 2634 607 2697 ecciesiae
622 2642 831 2697 manentem:
855 2633 992 2696 dicendo
1010 2654 1087 2696 vero
1103 2644 1135 2697 et
1151 2633 1241 2697 Filii
1265 2635 1427 2718 producat
1450 2633 1545 2696 ilium
1568 2655 1679 2697 coram
1704 2653 1740 2696 se
1763 2654 1863 2717 super

349 2738 507 2824 populum
524 2738 557 2801 in
574 2745 667 2822 parte
684 2736 878 2800 occidentali
895 2737 1134 2800 coustitutum:
1157 2747 1189 2800 et
1205 2739 1359 2817 Spiritus
1375 2734 1415 2815 ᾧ
1427 2740 1548 2801 Sancti
1564 2736 1716 2821 producit
1731 2757 1752 2799 a
1767 2745 1861 2819 parte

349 2841 545 2926 aquilonari.
591 2840 661 2923 Quo
676 2840 765 2903 facto
781 2846 817 2902 et
832 2840 930 2914 dvcto,
947 2860 1065 2902 manus
1082 2845 1115 2903 ei
1130 2840 1261 2904 cubitos
1276 2840 1405 2904 reducit
1421 2848 1458 2905 ut
1477 2842 1579 2924 prius.
1625 2839 1734 2903 Dictis
1749 2847 1859 2904 autern

348 2924 459 3010 verbis
476 2944 553 3019 iliis,
571 2944 761 3006 Descendat
777 2963 879 3022 super
890 2964 948 3005 vos
965 2953 997 3006 et
1012 2954 1151 3005 inaneut
1167 2965 1307 3024 seniper,
1321 2965 1395 3006 mox
1408 2945 1523 3028 jungit
1538 2949 1616 3008 ante
1632 2942 1750 3007 faciem
1767 2965 1861 3008 suain

348 3070 476 3112 manus.
523 3046 641 3130 Sicque
658 3045 812 3108 manibus
823 3045 951 3127 junctis
967 3043 1151 3108 revolvitur
1166 3068 1185 3109 n
1202 3055 1297 3128 purte
1314 3047 1432 3110 dextra
1447 3046 1490 3110 ad
1505 3046 1622 3110 altare.

436 3151 481 3216 Et
497 3151 610 3214 statim
627 3149 727 3211 mitra
743 3147 895 3231 deposita
909 3146 1089 3222 Diaconos,
1106 3148 1158 3210 vel
1175 3150 1258 3232 ipse,
1274 3170 1432 3213 amovens
1449 3149 1570 3233 pallam
1584 3147 1789 3234 corporalem
1806 3149 1862 3211 de-

349 3277 449 3341 super
464 3254 611 3319 calicem.
627 3260 661 3315 et
676 3250 841 3314 inclinans
857 3250 994 3334 Corpori
1011 3249 1143 3314 Domini
1159 3262 1353 3315 reverenter
1375 3254 1506 3338 reponit
1523 3263 1678 3336 patenam
1696 3275 1769 3317 cum
1786 3273 1861 3336 par·

347 3358 461 3423 ticulis
477 3358 594 3419 hostiae
612 3375 713 3438 super
735 3353 843 3419 altare
866 3353 900 3417 iu
924 3355 1065 3439 pristino
1089 3354 1180 3419 ioco:
1203 3355 1453 3442 Resumptaque
1477 3357 1536 3421 ilia
1558 3357 1673 3420 hostia
1697 3357 1861 3440 particula

349 3484 447 3545 quam
465 3462 557 3545 prius
577 3479 676 3544 super
692 3479 730 3520 os
746 3457 859 3522 calicis
875 3464 1031 3522 tenuerat
1042 3465 1077 3522 et
1088 3481 1128 3522 ea
1141 3481 1241 3545 super
1256 3481 1293 3523 os
1309 3461 1422 3524 calicis
1437 3461 1556 3524 iterum
1573 3460 1719 3547 reducta,
1731 3460 1812 3524 dicit
1827 3461 1859 3523 in

349 3565 490 3650 pristino
506 3571 595 3638 tono,
612 3563 660 3625 Et
678 3583 753 3643 pac
768 3563 851 3646 ejus,
866 3561 937 3636 ac,
954 3583 1026 3644 quse
1051 3561 1189 3626 dicendo
1214 3563 1297 3626 iacit
1323 3563 1422 3627 solito
1448 3584 1538 3627 more
1562 3564 1596 3625 in
1620 3563 1722 3627 fundo
1747 3563 1859 3627 calicis

350 3680 420 3733 tres
446 3686 562 3733 cruces
586 3687 659 3729 oum
686 3665 853 3749 particula
877 3666 952 3749 ipsa
975 3665 1100 3742 dicens,
1124 3667 1210 3731 Fiat
1235 3670 1439 3744 commixtio,
1462 3669 1517 3730 dm.
1540 3666 1688 3731 dimittat
1709 3666 1801 3731 illam
1826 3668 1859 3729 in

350 3770 462 3845 calice,
478 3777 513 3833 et
529 3770 649 3834 missas
666 3768 764 3831 solito
780 3789 870 3830 more
887 3769 1109 3853 prosequitur.

438 3873 511 3937 Has
527 3880 636 3936 autem
654 3871 899 3935 benedictiones
915 3871 1066 3935 Ecclesia
1087 3871 1237 3935 Romanu
1260 3893 1326 3934 uon
1350 3871 1452 3936 habet
1472 3871 1506 3934 in
1524 3881 1629 3934 usui:
1654 3870 1712 3934 sed
1737 3870 1770 3934 in
1793 3870 1858 3933 line

351 3979 458 4043 missae
475 3978 588 4041 dicunt
604 3978 659 4040 Sit
673 3997 791 4038 nomen
809 3975 945 4037 Doinini
964 3977 1180 4050 benedictum,
1195 3977 1250 4040 dic.

420 4238 503 4292 v'fbo
521 4247 622 4291 custom
643 4234 673 4286 oi
687 4234 781 4304 giving
799 4231 864 4284 such
883 4231 1079 4286 Remitte-tiones
1097 4232 1265 4302 Episcopuics
1283 4233 1306 4287 is
1324 4233 1417 4287 shown
1437 4233 1472 4302 by
1491 4232 1542 4292 bir.
1562 4235 1635 4305 (luge
1659 4234 1856 4304 (Avcbmolcpiu

350 4327 452 4381 XXIV.
467 4345 510 4399 pp.
525 4325 586 4390 6-9,
603 4323 684 4392 1832)
700 4335 727 4374 to
740 4323 807 4375 have
820 4321 886 4374 been
900 4321 1047 4391 ‘approved
1062 4322 1096 4391 by
1107 4322 1153 4374 the
1164 4320 1276 4374 Futiiers
1287 4321 1313 4375 S.
1324 4322 1439 4385 Jerome,
1450 4322 1476 4377 S.
1489 4324 1625 4390 Ambrose,
1639 4323 1693 4376 ond
1706 4323 1732 4377 S.
1747 4325 1854 4385 Austiu,

348 4415 401 4466 und
421 4420 449 4467 to
462 4415 528 4468 have
542 4415 606 4466 been
620 4410 746 4481 enjoined
767 4411 802 4480 by
821 4408 867 4462 the
885 4407 1011 4461 Oouucils
1023 4408 1054 4461 of
1069 4407 1176 4461 Milevis
1195 4408 1248 4477 (li.
1266 4410 1338 4463 Al),
1354 4411 1419 4480 416)
1431 4411 1485 4464 aud
1498 4411 1595 4465 Tuledo
1608 4411 1671 4481 (lv.
1689 4412 1760 4464 nl).
1773 4411 1855 4478 633),’

350 4501 453 4554 ιιοιὶοοά
467 4519 496 4554 us
509 4518 543 4553 un
557 4499 674 4568 existing
687 4495 825 4569 Episcopui
840 4495 963 4549 sanction
976 4494 1012 4566 by
1026 4494 1098 4565 Pope
1111 4495 1243 4549 Dauinsus
1255 4497 1337 4567 (nl).
1352 4498 1489 4568 366-384)
1503 4499 1530 4550 in
1544 4517 1561 4553 a
1575 4498 1664 4556 Lettur
1683 4497 1778 4569 (Epist
1792 4497 1855 4567 IX.)

348 4587 486 4640 uddressed
501 4600 527 4640 to
542 4586 653 4656 Pauper
665 4586 765 4656 Bisbop
779 4585 808 4639 oi
818 4583 955 4648 Numidia,
970 4582 1023 4636 and
1037 4584 1134 4651 others,
1147 4583 1200 4636 itud
1215 4587 1357 4640 ‘observed
1371 4588 1398 4639 in
1419 4586 1464 4639 the
1477 4586 1613 4640 Churcbes
1624 4590 1654 4640 oi'
1669 4587 1753 4654 Puris,
1768 4587 1854 4652 Arios,

351 4673 446 4745 Lycus,
461 4672 562 4740 huon,
577 4672 721 4740 cler-inunt,
737 4675 850 4738 Angers,
864 4671 953 4737 Toum,
968 4671 1042 4738 Sens,
1057 4670 1136 4739 Biois,
1150 4670 1237 4731 illuns,
1251 4673 1304 4725 and
1318 4673 1523 4726 chartres—as
1532 4674 1593 4727 weil
1606 4691 1636 4728 as
1648 4675 1675 4726 in
1691 4672 1814 4743 Engisnd
1827 4689 1856 4728 ut

349 4761 416 4815 least
429 4763 494 4812 trinu
510 4760 555 4813 tho
572 4757 633 4810 iOtb
649 4773 676 4813 to
690 4760 734 4813 the
750 4760 814 4812 itith
833 4768 953 4831 century.
991 4757 1047 4812 The
1065 4758 1176 4811 Govvnoii
1195 4758 1226 4811 ol
1239 4758 1336 4813 'l'oicdo
1353 4759 1512 4829 apparently
1530 4760 1726 4831 contemplated
1746 4763 1792 4815 tiis
1810 4763 1854 4814 de·

347 4849 433 4921 livevy
445 4847 476 4902 oi
483 4847 546 4902 sucii
562 4846 691 4917 blessiugs
704 4846 738 4918 by
753 4847 853 4901 Priests
868 4865 898 4902 as
912 4848 973 4902 weil
990 4866 1020 4901 us
1034 4848 1072 4921 by
1092 4845 1204 4919 Rishops
1221 4857 1251 4900 at
1269 4846 1323 4901 this
1341 4848 1417 4917 point
1434 4847 1464 4898 in
1484 4846 1529 4899 the
1549 4847 1669 4920 Litargy.
1706 4848 1758 4905 lilr.
1772 4852 1852 4922 (lnge,
