4440 5760
350 597 392 664 74
973 608 1162 657 nrrnnmx
1187 608 1236 658 ιν.

349 795 459 853 tnmen
477 792 612 873 propter
627 789 757 850 celetem
775 783 827 848 vel
843 784 1043 868 decrepitam
1062 788 1275 859 senectutem,
1293 783 1352 847 sed
1368 790 1505 870 propter
1528 787 1686 850 honorem
1704 791 1739 850 et
1754 787 1860 873 digni·

350 900 452 956 tatem
469 911 567 976 quum
584 896 793 974 acceperunt,
809 887 857 951 itu
875 894 1045 951 vocantur.
1094 886 1253 950 Sacerdos
1277 886 1364 949 enim
1381 908 1500 952 nomen
1523 889 1626 952 habet
1641 890 1860 974 compositum

350 1016 390 1058 ex
405 1016 510 1080 graeeo
526 994 560 1055 in
577 991 690 1067 lutino,
707 991 802 1074 qussi
826 1013 963 1054 socrum
986 993 1096 1051 dans:
1118 989 1198 1072 quis
1213 993 1299 1052 sicut
1313 1010 1376 1052 rec
1391 1010 1412 1052 s
1426 990 1583 1075 regendo,
1600 991 1649 1055 its
1664 995 1825 1056 sacerdos
1840 1015 1861 1056 u

351 1095 585 1162 sanctificando
602 1101 740 1157 vocotus
755 1103 818 1156 est.
862 1092 958 1156 Unde
974 1099 1009 1155 et
1023 1091 1186 1154 Dominus
1201 1091 1311 1154 dictus
1335 1099 1388 1156 est
1410 1093 1586 1176 presbyter
1608 1095 1740 1178 quaudo
1762 1096 1860 1159 bene-

350 1200 435 1264 dixit
449 1220 568 1284 panem
584 1197 740 1280 deditque
755 1194 925 1281 discipulis
942 1196 1012 1258 suis
1035 1201 1070 1258 et
1092 1195 1150 1271 uit,
1168 1193 1316 1277 Accipite
1333 1202 1368 1258 et
1383 1196 1604 1260 mnndueute:
1628 1198 1690 1261 hoc
1705 1206 1757 1261 est
1773 1198 1859 1261 enim

351 1304 479 1388 Corpus
494 1323 614 1366 meum.

436 1510 635 1594 Episcopum
658 1506 752 1568 decet
769 1505 920 1588 judicare
943 1509 977 1568 et
999 1505 1220 1588 interpretare
1244 1510 1279 1568 et
1301 1525 1499 1570 conservare
1522 1511 1556 1572 et
1579 1527 1809 1571 consummare
1825 1516 1860 1572 et

350 1614 501 1676 ordinare
518 1618 551 1675 et
566 1612 736 1692 baptizare
752 1616 786 1671 et
800 1610 929 1671 offerre.

438 1714 648 1779 Sacerdotem
676 1718 808 1796 oportet
834 1712 952 1774 offerre
979 1716 1014 1774 et
1040 1710 1233 1774 benedicere
1260 1718 1295 1775 et
1321 1714 1404 1776 bene
1435 1733 1590 1797 preesse,
1618 1714 1794 1798 predicere
1826 1725 1860 1778 et

350 1820 532 1904 baptizare.

436 1923 598 1997 Levitom‚
614 1920 647 1984 id
663 1925 716 1984 est
731 1919 930 1995 ministrum,
945 1923 1079 2004 oportet
1093 1919 1283 1984 ministrare
1300 1919 1342 1984 sd
1358 1919 1465 1985 sltsrc
1483 1926 1517 1985 et
1533 1921 1706 2008 baptizare
1722 1928 1756 1987 et
1771 1945 1858 1988 com·

351 2027 529 2090 municere.

438 2128 681 2193 Subdiuconum
697 2126 791 2190 decet
806 2124 1009 2191 ministrare.

1069 2893 1141 2977 IV.

656 3148 1113 3233 BENEDIOTIONES
1163 3147 1556 3233 EPISOOPALES.

349 3369 670 3451 ιΙιιεενρείὶαιιόηθε
694 3377 817 3448 eutem,
834 3373 903 3436 sive
919 3378 956 3436 ut
979 3371 1084 3435 nostri
1109 3372 1241 3437 codices
1256 3372 1392 3448 hubent,
1405 3373 1670 3454 postulationes,
1685 3372 1770 3436 frunt
1787 3392 1860 3435 cunr

349 3473 491 3559 populus
514 3473 729 3539 benedicitur.
775 3476 867 3539 Tunc
890 3477 977 3538 enim
999 3476 1190 3554 Antistites,
1208 3475 1301 3540 velut
1323 3477 1485 3548 advocati,
1503 3486 1677 3561 susceptos
1700 3497 1778 3540 suos
1802 3497 1862 3560 per

349 3600 507 3642 munuum
531 3578 775 3662 impositionem
800 3579 1108 3644 misericordissime
1132 3583 1279 3644 offerunt
1301 3579 1485 3644 Potesteti:
1518 3581 1638 3664 quibus
1660 3580 1805 3664 peractis
1828 3590 1862 3643 et

349 3681 550 3765 participato
581 3687 676 3746 tanto
709 3689 917 3747 sacramento
949 3683 1134 3769 gratiarum
1168 3683 1255 3748 uctio
1290 3689 1410 3748 cuncto
1440 3682 1861 3766 concludit.'-Au9ustini

350 3783 502 3869 Epistola
517 3784 559 3848 59
575 3784 617 3848 sd
633 3785 819 3863 Paulinum,
836 3808 891 3870 qn.
908 3787 939 3850 5.

439 3992 714 4056 ‘Postulotiones
738 4000 816 4057 sunt
841 3995 1087 4057 benedictiones
1111 3991 1321 4074 episcopales
1344 4012 1427 4074 quus
1451 3992 1530 4058 dicit
1552 3993 1737 4078 Episcopus
1760 4013 1861 4076 super

350 4095 508 4181 populum
526 4096 684 4159 invocans
701 4116 820 4159 numen
837 4095 970 4159 Domini
994 4116 1094 4179 super
1116 4093 1415 4178 illum.'-IIopmo
1439 4096 1640 4161 Iluberstut.
1656 4096 1689 4158 in
1711 4096 1819 4180 Epist.
1837 4096 1858 4160 i.
1931 4113 1937 4122 ·

350 4199 390 4263 ud
406 4199 550 4263 Timoth.
567 4220 638 4282 cup.
655 4198 674 4260 2

867 4405 978 4467 Inuus
1004 4401 1183 4466 Coronen
1207 4404 1344 4468 Missm

435 4505 508 4570 ‘Do
522 4507 686 4592 propitius
703 4529 816 4591 pnrem
834 4506 866 4568 in
883 4506 1000 4569 diebus
1024 4505 1147 4569 nostris
1172 4554 1204 4569 ..
1223 4555 1231 4568 .
1254 4507 1318 4570 Per
1333 4507 1493 4570 cumdem.
1542 4507 1603 4592 Qui
1623 4513 1741 4572 tecum.
1788 4509 1858 4572 llic

348 4617 460 4673 teneat
475 4611 564 4671 duos
571 4611 756 4692 fracturos
773 4613 808 4673 in
825 4611 971 4673 sinistra
987 4629 1091 4671 resono
1101 4631 1112 4669 .·
1134 4619 1166 4672 et
1184 4611 1319 4673 tertiam
1327 4612 1528 4692 fracturam
1543 4613 1580 4674 in
1595 4612 1740 4675 desiero
1755 4632 1859 4674 sirano

348 4717 384 4776 in
409 4714 602 4777 summitate
630 4714 762 4790 calicis,
788 4717 841 4778 itu
869 4716 984 4779 dicens
1012 4721 1134 4794 operta
1161 4733 1259 4777 rore:
1291 4714 1356 4777 Per
1381 4713 1492 4779 omniu
1519 4713 1632 4779 secula
1658 4712 1856 4779 seculorum:

349 4825 464 4883 Amen.
