4440 5752
360 591 401 654 88
983 604 1174 655 srrnnnrx
1198 605 1250 656 vr.

452 777 509 861 vij.
532 776 569 842 ln
587 778 857 844 reconciliacione
873 777 992 844 altaris
1008 778 1060 843 vel
1078 779 1163 843 sacri
1184 778 1249 844 loci
1272 800 1331 845 seu
1351 779 1505 864 cimiterij
1531 780 1588 846 uhi
1604 783 1742 868 sanguis
1764 785 1866 849 fuerit

353 883 480 947 effusus
494 887 554 947 aut
568 881 780 946 homicidium
794 882 929 958 factum,
946 889 1005 946 aut
1019 879 1132 965 aliqua
1148 883 1312 966 spurcicia
1326 883 1458 967 publice
1473 890 1677 971 perpetrata.
1692 888 1701 936 ³
1737 886 1761 963 9

444 984 512 1069 viij.
535 984 587 1049 Ad
602 984 756 1048 clericum
771 984 968 1050 faciendum.
992 982 1007 1022 ¹¹
1053 982 1195 1050 Collatic
1211 985 1316 1073 prime
1332 993 1483 1053 tonsure.

574 1086 750 1152 Ordinacio
766 1087 991 1152 ostiariorum.
1037 1088 1120 1149 ai.»
1140 1100 1154 1153 i
1176 1138 1203 1167 ,μ
1267 1107 1284 1176 p

575 1188 749 1253 Ordinacio
766 1188 941 1254 lectorum.
1229 1178 1237 1190 ⁹

575 1292 749 1357 Ordinncio
765 1293 1015 1358 exorcistarum.

576 1394 751 1460 Ordinacio
766 1395 973 1460 acolitorum.

576 1498 750 1563 Ordinacio
766 1498 1052 1563 subdiaconorum.

576 1601 752 1666 Ordiuacio
767 1601 993 1667 diaconorum.

575 1705 750 1770 Ordinacio
767 1705 985 1770 sacerdotum.
1032 1704 1083 1769 Ad
1098 1702 1244 1769 missam.

467 1811 512 1873 ix.
535 1809 726 1873 Benedictio
741 1808 953 1873 candelarum
969 1807 1004 1871 in
1020 1806 1250 1892 purificacione
1267 1808 1299 1873 S.
1317 1809 1437 1875 Marie.
1459 1819 1480 1869 Ἀ

478 1933 510 1974 x.
534 1911 622 1975 Ordo
638 1911 680 1975 ad
694 1911 836 1976 dandam
853 1910 1083 1995 penitenciam.
1109 1931 1126 1973 z

466 2015 510 2097 xj.
533 2013 707 2079 Dominica
721 2013 755 2077 iu
770 2012 900 2097 palmis.
945 2013 1158 2077 Exorcismus
1175 2012 1291 2077 florum
1307 2018 1343 2078 et
1357 2015 1535 2094 frondium,
1551 2021 1605 2082 dre.
1639 2025 1660 2079 ζ

457 2117 513 2201 xij.
538 2117 646 2182 Missa
660 2115 701 2180 de
717 2114 893 2180 Trinitate.
938 2116 1129 2179 Benedicta
1144 2117 1201 2179 aii.

540 2220 650 2286 Missa
664 2219 705 2283 de
722 2218 843 2284 Sancto
860 2217 995 2304 Spiritu.
1040 2218 1195 2300 Spiritus
1211 2219 1358 2283 Domini.

542 2323 650 2387 Missa
665 2321 705 2385 de
722 2319 838 2386 Cruce.
882 2321 956 2385 Noe
972 2330 1086 2384 autem
1098 2319 1258 2404 pleniori.

541 2426 649 2490 Missa
663 2424 704 2489 de
721 2425 844 2489 Sancta
858 2424 977 2488 Maria.
1023 2422 1127 2486 Salve
1143 2433 1265 2488 saneta
1274 2445 1416 2505 perena.

543 2528 652 2593 Missa
666 2527 706 2592 <le
724 2527 848 2592 Sancta
862 2527 974 2591 Maria
989 2525 1023 2588 in
1039 2524 1194 2591 Adventu
1209 2525 1352 2592 Domini.
1398 2531 1530 2594 liorate
1546 2529 1632 2594 ooli.

542 2632 650 2696 Missa
664 2631 705 2695 de
722 2630 844 2695 Sancta
860 2629 970 2695 Maria
985 2628 1019 2691 in
1035 2628 1224 2694 Nativitate
1239 2629 1384 2696 Domini.
1441 2633 1579 2697 Vultum
1596 2643 1690 2698 tuum
1706 2636 1866 2716 depreco-

621 2736 756 2799 huntur.

538 2836 647 2903 Missa
662 2857 722 2922 pro
737 2835 921 2900 Defunctis.
967 2835 1142 2917 Requiem.
1188 2834 1267 2920 (Pro
1281 2837 1452 2903 sacerdote
1464 2842 1499 2903 et
1514 2837 1686 2924 episcop03
1708 2837 1788 2903 item
1805 2860 1865 2922 pro

619 2938 807 3015 sacerdote3
830 2957 890 3020 pro
905 2943 1000 3019 putre
1016 2943 1049 3000 et
1065 2942 1183 3014 matre,
1198 2939 1268 3023 dic.)
1301 2947 1329 3019 §r

444 3042 514 3126 xiij.
537 3041 686 3106 Prefacio
708 3042 743 3104 in
765 3040 818 3103 die
840 3039 920 3104 Nat.
945 3038 1088 3103 Domini.
1132 3040 1172 3103 In
1189 3039 1446 3107 circumcisione
1463 3043 1606 3109 Domini.
1652 3046 1690 3109 In
1708 3044 1864 3109 Purifica-

614 3144 707 3208 cione
723 3143 756 3206 S.
774 3141 891 3217 Marie,
909 3141 991 3206 etin
1009 3140 1187 3207 Commem.
1205 3144 1354 3228 ejusdem
1369 3146 1492 3211 natale.

573 3245 723 3310 Prefacio
739 3245 773 3308 in
788 3244 841 3307 die
856 3242 1051 3328 Epiphanie.

573 3348 723 3413 Prefacio
739 3348 773 3411 in
789 3347 905 3431 Capite
920 3345 1056 3430 Jejunii‚
1071 3347 1130 3410 &a

539 3451 590 3516 De
607 3450 697 3515 Cena
712 3448 855 3513 Domini.

570 3553 722 3618 Prefacio
738 3551 772 3615 in
788 3549 917 3635 Vigilia
931 3551 1068 3629 Pasche,
1083 3555 1139 3618 dic.

571 3655 721 3720 Prefacio
737 3655 770 3718 in
787 3653 989 3718 Ascensione
1006 3653 1148 3732 Domini,
1162 3655 1222 3720 &c

571 3758 721 3824 Prefacio
736 3758 771 3822 in
788 3757 914 3843 Vigilia
928 3757 1153 3834 Pentecosten,
1167 3759 1227 3824 &a

537 3862 587 3926 De
604 3859 991 3926 Commemoracionihus.

571 3964 720 4030 Profecio
736 3965 770 4026 in
785 3964 837 4027 die
854 3964 887 4027 S.
903 3964 1089 4028 Trinitatis.

570 4067 720 4133 Prefacio
735 4067 769 4130 in
785 4066 880 4131 festis
895 4067 1131 4154 Apostolorum
1148 4073 1183 4132 et
1197 4066 1500 4154 Evangelistarum.

423 4337 500 4392 lThe
513 4334 626 4407 Prayers
637 4336 666 4389 in
680 4336 726 4390 the
738 4334 823 4390 Order
835 4335 866 4390 os
879 4333 1088 4390 Reconciliation
1108 4334 1138 4407 (ἃ
1151 4334 1213 4406 vij.)
1232 4335 1389 4408 correspond
1402 4335 1469 4390 with
1482 4335 1557 4390 those
1569 4335 1597 4388 in
1613 4334 1648 4388 11.
1662 4336 1776 4406 92-100,
1791 4339 1856 4393 with

353 4427 399 4481 the
416 4426 538 4481 addition
556 4424 587 4479 of
601 4431 664 4486 two,
685 4421 773 4478 ‘Deus
784 4423 832 4494 qui
844 4423 878 4478 ad
896 4423 1011 4478 sulutem
1030 4423 1143 4477 humani
1162 4423 1266 4494 generis
1285 4424 1404 4478 maxima
1421 4423 1604 4478 sacramenta'
1618 4423 1684 4495 (sie)
1703 4424 1757 4479 und
1772 4425 1857 4480 Deus

351 4512 429 4582 cujus
441 4511 564 4581 uoniam:
578 4510 666 4566 which
678 4527 724 4565 are
736 4510 765 4563 in
779 4510 818 4565 De
831 4508 975 4580 Bernham,
989 4527 1033 4583 pp.
1047 4509 1071 4578 9,
1084 4510 1128 4565 47.

422 4599 436 4637 ¹
453 4600 514 4653 ‘Ad
525 4594 825 4670 coroncmsnciendom,'
835 4597 865 4653 L.
878 4597 919 4652 10.
957 4597 1050 4670 Lecy's
1058 4596 1172 4652 Rubrios
1185 4597 1247 4652 here
1259 4614 1305 4652 are
1318 4596 1410 4668 nearly
1420 4595 1547 4652 identioal
1556 4596 1623 4651 with
1634 4598 1748 4664 Anioni,
1759 4600 1855 4666 which,

352 4690 481 4756 however,
495 4686 625 4758 proscribe
637 4685 742 4756 vesting
754 4685 800 4740 the
813 4685 906 4741 Olcrks
917 4685 946 4740 in
960 4685 1094 4759 Surplices
1111 4685 1199 4740 before
1217 4691 1333 4742 tonsure.
1370 4685 1426 4741 'l'he
1444 4685 1605 4742 Ordination
1623 4686 1654 4741 of
1667 4687 1786 4752 Ostiarii,
1800 4688 1855 4751 dc,

351 4777 454 4832 follows
466 4773 658 4846 immediately.
693 4772 742 4828 See
754 4771 784 4827 1..
799 4773 832 4829 79
842 4773 894 4829 -91.
