4440 5760
351 605 393 666 94
969 614 1170 664 srrswtx
1193 614 1243 663 vl.

349 791 520 875 deliquisti
544 790 671 866 deuios,
694 812 826 855 assume
849 797 1026 855 correctas.
1071 790 1215 854 Moueat
1239 790 1397 874 pietatem
1420 794 1513 853 tuam
1537 790 1637 854 fletus
1663 791 1868 856 famulorum

352 905 504 971 tuorum;
528 895 659 958 medere
686 893 900 968 uulneribus3
930 895 1107 978 benignam
1129 894 1315 958 iacentibus
1336 914 1471 956 manum
1495 894 1641 979 porrige,
1657 916 1700 959 ne
1724 895 1870 961 ecclesia

353 1009 413 1064 tua
436 999 549 1082 aliqua
573 999 623 1062 sui
649 998 798 1083 corporis
821 998 977 1081 porcione
1002 998 1135 1082 privata
1152 1002 1354 1072 temeretur;
1378 1018 1419 1060 ne
1434 1018 1517 1082 grex
1532 1003 1613 1062 tuus
1628 998 1868 1064 detrimentum

356 1103 539 1177 sustineat;
560 1123 602 1164 ne
617 1101 658 1164 de
674 1101 799 1164 familie
816 1108 872 1163 tue
887 1100 1029 1185 dampno
1045 1100 1199 1163 inimicus
1214 1099 1361 1175 exultet;
1383 1121 1426 1163 ne
1442 1107 1577 1166 renatas
1593 1101 1763 1167 lsuacbris
1778 1104 1868 1168 salu-

358 1206 486 1270 taribus
501 1205 630 1268 animas
644 1225 734 1267 mors
749 1202 894 1266 secunda
908 1203 1087 1288 possideat
1132 1202 1206 1265 Tibi
1228 1223 1309 1286 ergo
1320 1201 1540 1289 ¹humiliamur
1555 1225 1691 1268 omnes:
1714 1206 1774 1269 tibi
1791 1227 1869 1291 sup·

354 1308 459 1393 plices
473 1307 643 1371 tundimus
657 1327 792 1390 preces;
815 1306 874 1368 tibi
891 1307 1047 1369 affectum
1062 1307 1168 1369 nostri
1181 1305 1291 1368 cordis
1302 1305 1483 1369 offerimus.
1528 1306 1579 1370 Tu
1595 1327 1694 1391 parce
1710 1309 1869 1373 confiten-

356 1414 455 1489 tibus,
472 1418 511 1476 ut
525 1410 736 1474 imminentes
751 1430 855 1493 penas
866 1409 1036 1492 futurique
1049 1409 1162 1490 iudicij
1177 1409 1380 1472 sentenciam
1392 1417 1426 1472 te
1438 1410 1618 1474 miserante
1631 1431 1697 1475 uon
1709 1411 1868 1487 incidant,

357 1515 507 1579 nesciant
521 1513 609 1598 quod
625 1520 730 1576 terret
745 1513 777 1574 in
795 1512 952 1586 tenebris,
968 1511 1057 1595 quod
1073 1511 1195 1576 stridet
1207 1513 1242 1574 in
1256 1512 1409 1588 flammis,
1426 1518 1462 1576 et
1478 1514 1521 1576 ab
1536 1515 1661 1577 erroris
1672 1515 1729 1579 uia
1744 1515 1787 1580 ad
1802 1517 1869 1580 iter

355 1619 485 1683 iusticie
501 1619 566 1682 iam
583 1617 707 1680 reversi
724 1636 933 1699 nequaquam
950 1614 1039 1680 ultra
1058 1615 1153 1678 novis
1171 1614 1364 1678 vulneribus
1386 1617 1587 1680 saucientur.
1634 1617 1788 1703 Propicia
1801 1617 1869 1683 Do·

356 1725 443 1788 mine
466 1721 684 1788 trementibus
707 1726 808 1803 atque
825 1718 1029 1804 supplicibus
1045 1719 1106 1782 sub
1122 1720 1291 1782 sentencie
1306 1725 1364 1782 tue
1379 1721 1611 1804 expectatione
1626 1722 1719 1786 etad
1735 1723 1870 1785 humili-

354 1835 459 1893 tatem
474 1826 653 1891 iacencium
672 1822 908 1888 subleuandam
926 1822 1097 1886 dexteram
1119 1822 1240 1886 salutis
1255 1823 1407 1886 extende.
1453 1824 1560 1887 Nobis
1577 1826 1686 1889 seruis
1702 1827 1770 1889 tuis
1784 1848 1869 1910 quos

357 1931 538 2018 apostolice
554 1929 732 2013 potestatis
747 1926 859 1991 claves
872 1925 1089 1991 sacerdotalis
1103 1926 1201 2007 officij
1220 1926 1403 2002 ministros,
1419 1948 1485 1990 uon
1500 1926 1661 1993 electione
1683 1930 1794 1993 meriti
1811 1932 1869 1994 sed

355 2038 441 2100 dono
456 2034 567 2120 gracie
583 2041 639 2096 tue
655 2030 878 2105 constituisti;
900 2030 943 2094 da
954 2029 1107 2093 fiduciam
1120 2029 1206 2092 tanti
1220 2029 1367 2091 muneris
1379 2030 1562 2112 exequendi
1576 2033 1694 2115 etipse
1706 2033 1742 2096 in
1753 2041 1869 2096 nostro

357 2139 540 2204 ministerio
562 2134 649 2221 quod
672 2141 729 2198 tue
752 2133 930 2218 potestatis
953 2140 1006 2196 est
1027 2153 1175 2217 operare.
1221 2134 1385 2216 Agnosce,
1409 2133 1539 2215 piisime
1562 2143 1689 2216 pastor,
1707 2154 1788 2197 oues
1811 2142 1869 2197 tue

358 2241 604 2328 redemptionis,
629 2247 665 2302 et
687 2239 885 2302 constrictos
908 2235 1026 2300 vinclis
1047 2242 1268 2320 peccatorum,
1292 2235 1431 2298 ecclesie
1455 2243 1512 2299 tue
1535 2238 1690 2320 precibus
1712 2247 1871 2302 exoratus

358 2346 504 2411 absolue.
543 2343 694 2408 Redeunt
708 2341 750 2405 ad
766 2342 927 2405 unitatem
943 2340 1082 2404 ecclesie
1095 2347 1151 2402 tue
1164 2344 1288 2423 etpost
1302 2338 1392 2401 illam
1404 2338 1510 2401 diram
1523 2341 1632 2425 inopis
1644 2342 1735 2423 exilij
1747 2342 1870 2406 famem

358 2452 545 2525 redeuntes,
563 2454 658 2510 ueste
675 2444 849 2528 splendida
864 2444 984 2518 ornati,
999 2448 1140 2526 paterno
1155 2442 1325 2527 gaudeant
1348 2463 1383 2505 se
1407 2450 1600 2526 recepturos
1616 2465 1690 2508 esse
1705 2446 1869 2510 conuiuio.

360 2553 473 2616 Nichil
489 2553 529 2616 de
546 2552 671 2615 bonore
687 2547 924 2632 adoptacionis,
941 2544 1041 2609 nichil
1057 2546 1097 2608 de
1113 2545 1303 2609 heriditatis
1327 2551 1417 2608 sorte
1440 2545 1662 2628 perdiderint:
1686 2547 1744 2609 sed
1760 2547 1869 2633 integ·

357 2677 428 2718 rum
446 2655 492 2719 sit
507 2661 608 2737 atque
631 2660 827 2737 perpetuum
852 2656 885 2713 et
910 2647 997 2732 quod
1021 2647 1136 2734 gracia
1159 2656 1217 2711 tua
1242 2646 1393 2723 contulit,
1410 2653 1446 2712 et
1461 2648 1548 2732 quod
1567 2649 1794 2715 misericordia
1817 2672 1869 2713 re·

362 2759 529 2832 formavit,
546 2778 606 2842 per
622 2754 802 2818 Christum.

994 2839 1083 2902 Alia
1102 2838 1233 2903 Oratio.

447 2947 664 3029 Omnipotens
680 2943 864 3027 sempitene
880 2940 982 3017 Deus,
999 2942 1233 3006 confitentibus
1251 2940 1311 3004 tibi
1327 2940 1462 3005 famulis
1486 2943 1554 3006 tuis
1578 2964 1637 3027 pro
1659 2961 1719 3008 tua
1741 2944 1869 3028 pietate

359 3056 496 3133 peecata
511 3047 645 3119 relaxa:
670 3053 707 3109 ut
723 3066 787 3108 non
804 3042 880 3127 plus
895 3045 944 3108 eis
961 3054 1079 3109 noceat
1093 3044 1295 3108 consciencie
1311 3051 1426 3108 reatus
1442 3046 1484 3109 ad
1500 3068 1629 3130 penam,
1645 3069 1745 3132 quam
1761 3048 1870 3110 indul-

358 3154 475 3237 gencia
491 3158 546 3217 tue
563 3150 698 3235 pietatis
714 3148 754 3212 ad
769 3147 911 3211 ueniam.
956 3149 1020 3213 Per
1037 3148 1216 3212 Christum.

995 3253 1085 3315 Atia
1104 3253 1237 3316 Oratio.

446 3358 585 3423 Domine
604 3357 723 3421 Sancte
740 3356 840 3419 Pater
854 3376 949 3439 omps
964 3362 1077 3420 eterne
1094 3355 1185 3420 Deus
1203 3357 1331 3440 respice
1347 3357 1516 3442 propicius
1533 3380 1635 3442 super
1650 3359 1712 3423 hos
1726 3359 1870 3424 famulos

360 3468 436 3526 tuos
448 3463 503 3546 qui
520 3463 562 3526 ab
578 3461 701 3525 infesta
716 3459 814 3522 buius
830 3458 933 3523 seculi
949 3467 1148 3544 tempestate
1160 3460 1306 3535 dimersi,
1318 3460 1419 3525 flebili
1433 3460 1673 3527 lamentacione
1686 3485 1764 3527 suos
1775 3485 1871 3528 accu-

361 3572 438 3630 sant
452 3587 630 3641 excessus;
655 3571 693 3628 ut
707 3564 807 3628 fletus
829 3585 868 3628 ac
890 3565 1035 3649 gemitus
1057 3585 1171 3627 eorum
1195 3565 1248 3648 pie
1272 3565 1446 3650 suscipias,
1462 3586 1584 3649 eosque
1600 3567 1642 3630 de
1665 3569 1811 3632 tenebris
1828 3571 1869 3633 ad

361 3669 470 3732 lumen
483 3691 617 3733 revoces
630 3675 665 3733 et
677 3667 838 3734 medelam
851 3669 1096 3745 confitentibus,
1106 3667 1249 3733 salutem
1263 3669 1499 3753 penitentibus,
1511 3668 1697 3733 uulneratis
1709 3670 1870 3733 auxilium

363 3774 519 3838 sanitatis
544 3773 739 3858 indulgeas:
770 3794 810 3836 ne
834 3772 924 3837 ultra
947 3773 1099 3837 inimicus
1122 3774 1156 3836 in
1179 3795 1292 3838 eorum
1315 3774 1439 3839 babeat
1461 3774 1635 3837 animabus
1658 3781 1870 3859 potestatem,

363 3898 542 3962 eorumque
567 3876 806 3940 confessionem
830 3874 973 3939 libenter
995 3875 1185 3953 admittens,
1201 3876 1340 3941 ecclesie
1362 3884 1419 3941 tue
1441 3877 1636 3963 purificator
1658 3877 1808 3953 restitue,
1831 3899 1870 3942 ac

361 3988 419 4046 tuo
436 3982 535 4047 altari
552 3985 756 4066 representa,
773 3983 811 4042 ut
830 3978 873 4041 ad
896 3985 1139 4042 sacramentnm
1155 3979 1437 4044 reconciliacionis
1460 3979 1596 4044 admissi
1619 4001 1686 4044 una
1701 3982 1869 4045 nobiscum

359 4084 482 4148 nomini
500 4090 614 4148 sancto
631 4089 688 4146 tuo
703 4081 850 4167 graciam
865 4101 965 4165 agere
982 4087 1182 4156 mereantur,
1199 4103 1258 4164 per
1273 4081 1453 4147 Christum.

998 4185 1087 4245 Atia
1105 4184 1236 4248 Oratio.

448 4290 540 4354 Deus
555 4290 752 4364 misericors,
770 4287 861 4352 Deus
877 4286 1033 4361 clemens,
1048 4286 1105 4369 qui
1121 4287 1299 4350 seeundum
1316 4288 1573 4366 multitudinem,
1588 4293 1643 4356 &a
1690 4290 1741 4377 (L.
1758 4291 1825 4377 63.)

997 4390 1086 4452 Alia
1105 4391 1237 4454 Oratio.

448 4494 576 4559 Exaudi
592 4515 772 4579 quesumus
788 4514 882 4577 omps
897 4491 989 4558 Deus
1004 4513 1119 4578 preces
1134 4500 1278 4571 nostras,
1293 4515 1376 4579 quas
1392 4494 1426 4558 in
1441 4502 1630 4580 conspectu,
1644 4499 1699 4562 &a
1733 4497 1784 4583 (L.
1802 4497 1868 4583 63.)

1016 4596 1216 4659 Absolucio.

449 4699 704 4764 Absolucionem
725 4706 760 4765 et
781 4700 1010 4765 remissionem
1033 4699 1178 4764 omnium
1200 4706 1409 4784 peccatorum
1427 4708 1616 4767 vestrorum
1633 4705 1758 4770 tribuat
1775 4704 1870 4769 uobis

362 4825 455 4889 omps
471 4808 506 4867 et
521 4801 709 4867 misericors
725 4803 897 4869 Dominus.
943 4804 1059 4868 Amen.
