4440 5760
980 621 1160 671 herusolx
1184 621 1234 669 lv.

703 796 846 859 Sanora
870 795 1003 873 onina,
1027 797 1214 860 Vraauus.
1261 795 1420 881 (August,
1445 795 1518 880 xij.)

434 902 525 966 Deus
541 901 597 986 qui
617 899 773 963 Sanctam
790 899 965 985 Virginem
991 899 1122 964 Claram
1147 899 1324 962 adornavit
1347 897 1533 983 privilegiis
1557 897 1749 982 evangelice
1765 898 1863 963 clari-

349 1008 448 1071 tatis:
472 1004 632 1069 accendat
648 1003 680 1064 in
699 1003 793 1065 vobis
811 1003 1078 1087 inextinguibilis
1093 1002 1265 1087 lampades
1282 1001 1445 1066 caritatis.
1491 1002 1609 1065 Amen.

436 1109 562 1192 Quique
579 1107 683 1191 ipsius
704 1106 931 1192 integritatem
949 1109 1132 1193 virgineam
1155 1106 1356 1181 fecundavit,
1373 1104 1485 1169 stabili
1508 1104 1723 1168 multitudine
1741 1125 1863 1190 paupe·

349 1234 420 1275 rum
439 1211 571 1276 Domini
588 1208 794 1284 ancillarum,
811 1211 822 1272 l
840 1211 1117 1274 conscientiarum
1136 1217 1323 1274 vestrarum
1350 1208 1495 1293 inopiam
1522 1208 1704 1292 locupletet
1728 1230 1863 1272 suorum

349 1313 905 1402 superhabundanciameritorum.
952 1315 1070 1378 Amen.

435 1419 505 1503 Quo
522 1419 607 1482 sicut
623 1418 697 1501 ipsa
711 1418 806 1501 quasi
830 1416 936 1479 lilium
961 1417 1046 1480 inter
1067 1417 1183 1500 spinas
1201 1416 1304 1480 vitam
1321 1415 1354 1478 in
1372 1415 1473 1479 terris
1490 1415 1587 1479 duxit
1602 1415 1798 1500 angelicam,
1815 1415 1862 1478 sic

348 1523 405 1586 det
421 1523 515 1585 vobis
531 1521 653 1606 spretis
669 1520 835 1584 illecebris
852 1520 953 1584 seculi
970 1522 1005 1584 in
1022 1521 1214 1585 societatem
1233 1519 1418 1605 angelicam
1435 1518 1668 1603 reparandam.
1713 1525 1830 1582 Amen.

439 1626 542 1710 Quod.

782 1789 914 1853 Sasuri
940 1791 1140 1854 Beananur.
1187 1789 1344 1874 (August,
1368 1789 1450 1873 xxj.)

436 1894 528 1958 Deus
549 1894 604 1979 qui
622 1895 754 1958 beatum
773 1893 976 1958 Bernurdum
993 1895 1148 1957 abbatem
1165 1892 1314 1977 preclare
1332 1893 1505 1978 religionis
1520 1890 1651 1954 meritis
1667 1889 1837 1954 adornasti
1854 1912 1860 1951 :

350 1997 421 2060 eius
437 1998 735 2061 intervenientibus
752 1997 880 2060 meritis
896 1997 996 2060 corda
1012 2009 1046 2060 et
1062 2017 1202 2081 corpora
1219 1997 1358 2080 purifica
1374 1994 1488 2081 populi
1506 1995 1565 2058 tui.
1611 1995 1728 2057 Amen.

436 2099 562 2185 Quique
579 2101 672 2164 illum
690 2101 853 2164 mundicie
878 2122 916 2164 ao
943 2099 1170 2184 simplicitatis
1195 2101 1315 2163 merito
1340 2121 1459 2186 magne
1485 2098 1742 2162 illuminacionis
1758 2096 1862 2161 radiis

350 2204 516 2267 decorasti
541 2226 548 2267 ε
574 2203 719 2267 famulos
736 2211 811 2267 tuos
829 2202 981 2267 illumina
996 2204 1192 2290 magisterio
1209 2203 1354 2288 Spiritus
1371 2202 1496 2266 Sancti.
1542 2206 1660 2266 Amen.

436 2306 507 2390 Quo
532 2307 696 2370 veraciter
720 2329 740 2371 a
764 2307 885 2370 mundo
910 2328 948 2370 ac
974 2307 1117 2371 seculari
1142 2307 1313 2391 sapiencia
1337 2306 1467 2370 aversi:
1491 2306 1665 2370 desursum
1694 2304 1862 2390 sapiencia

351 2410 502 2473 veniente
519 2411 648 2494 possint
665 2411 697 2472 in
714 2410 866 2473 omnibus
882 2412 1071 2494 gubernari.
1119 2414 1236 2475 Amen.

438 2512 530 2596 Quod
547 2513 629 2597 ipse.

873 2679 1082 2745 Fuancisci.
1129 2681 1258 2766 (Octob.
1281 2679 1345 2763 iij.)

436 2778 527 2843 Deus
543 2781 598 2864 qui
614 2781 713 2845 beato
730 2781 909 2846 Francisoo
926 2785 1129 2869 negociatori
1151 2785 1282 2849 mistico
1300 2781 1524 2868 evangelicam
1541 2780 1684 2845 contulit
1704 2782 1862 2866 margari-

352 2891 439 2946 tam:
464 2884 569 2967 ipsius
586 2885 742 2968 precibus
759 2886 852 2950 vobis
868 2886 1025 2952 collatam
1042 2888 1242 2972 multiplicet
1256 2888 1403 2972 graciam
1421 2907 1525 2950 suam.
1571 2886 1690 2948 Amen.

436 2986 562 3071 Quique
576 2989 683 3071 ipsum
698 2990 822 3053 excidit
834 2989 1043 3076 columpnam
1056 2993 1210 3056 stabilem
1224 2990 1361 3056 ecclesie
1376 2991 1446 3053 suis
1459 2989 1628 3054 laboribus
1640 2989 1842 3055 sublevanda
1858 3014 1865 3052 ι

351 3111 412 3153 vos
428 3090 533 3174 ipsius
550 3092 722 3155 sanctitati
739 3092 896 3175 dignetur
912 3095 1136 3158 sincerissime
1154 3093 1353 3159 confortare.
1400 3095 1517 3157 Amen.

438 3192 603 3276 Quatinus
622 3196 710 3258 sicut
726 3216 800 3256 eum
817 3195 850 3257 in
864 3197 1011 3259 crucifixi
1026 3197 1241 3262 similitudine
1254 3195 1506 3261 transformavit
1517 3194 1667 3280 angelico
1680 3194 1863 3258 ministerio

351 3296 400 3358 vis
416 3297 557 3359 amoris:
583 3299 629 3361 sic
646 3298 678 3360 iu
695 3297 842 3361 eiusdem
862 3300 1051 3384 ymaginem
1079 3301 1230 3387 signatos
1255 3299 1352 3363 corde
1378 3304 1413 3363 et
1435 3298 1571 3363 brachio
1597 3319 1657 3361 nos
1682 3297 1863 3362 transferat

352 3399 709 3486 graciaredemptoris.
754 3404 872 3466 Amen.

441 3502 543 3586 Quod.

836 3677 942 3684 ——..

436 3841 506 3904 The
522 3864 581 3905 use
598 3843 635 3905 of
647 3844 703 3909 the
720 3845 894 3910 Pontifical
918 3847 1151 3913 Benedictions
1174 3847 1228 3910 did
1252 3853 1311 3909 not
1332 3845 1385 3908 die
1401 3851 1459 3908 out
1476 3842 1560 3907 until
1579 3841 1694 3906 within
1711 3861 1773 3904 our
1787 3862 1860 3903 own

351 3965 506 4028 memory,
523 3946 618 4009 when
634 3949 691 4012 the
709 3950 775 4013 last
792 3949 892 4034 spark
909 3951 946 4013 of
958 3951 1109 4015 Gallican
1126 3951 1369 4035 independeuce
1387 3969 1456 4012 was
1473 3945 1662 4010 smothe1·ed
1678 3951 1715 4010 at
1728 3943 1835 4008 Paris.

436 4048 552 4112 Ihave
569 4050 680 4114 before
698 4074 749 4114 me
765 4054 822 4117 the
848 4053 989 4115 illanuel
1012 4056 1071 4117 cles
1097 4054 1305 4117 Ceremoniec
1327 4052 1421 4116 aelon
1445 4051 1475 4113 le
1498 4051 1565 4113 rite
1584 4052 1625 4113 de
1649 4049 1670 4112 l'
1693 4047 1796 4131 ephee
1820 4049 1861 4111 de
1972 4130 1977 4134 ,

354 4151 468 4226 Paris,
485 4154 676 4218 sanctioned
693 4157 725 4217 in
745 4157 828 4219 1846
845 4156 886 4240 by
903 4154 1007 4218 Denis
1023 4157 1175 4240 Auguste
1192 4157 1297 4230 Affre,
1313 4154 1522 4238 Archhishop
1538 4152 1575 4216 of
1587 4152 1693 4228 Paris,
1704 4152 1779 4235 just
1794 4159 1861 4215 two

349 4274 445 4335 years
461 4254 573 4318 before
591 4257 631 4319 he
648 4279 716 4321 was
734 4260 811 4322 shot
826 4266 860 4324 at
879 4259 935 4322 the
951 4258 1143 4321 barricades
1159 4256 1256 4321 while
1273 4257 1450 4342 labouring
1464 4257 1517 4320 for
1532 4276 1642 4341 peace.

439 4355 489 4419 On
506 4382 536 4443 p.
554 4360 618 4423 158
636 4382 684 4424 we
701 4363 780 4427 read
793 4386 844 4424 :-

438 4537 456 4563 “
467 4529 615 4615 Lorsque
640 4534 687 4597 M.
704 4534 725 4596 l'
743 4537 956 4621 Archeveque
973 4536 1099 4601 celebre
1116 4534 1409 4620 pontificalement,
1427 4535 1450 4598 il
1466 4535 1572 4598 donne
1596 4533 1630 4597 la
1650 4530 1859 4596 benedictiou

350 4627 531 4695 solennelle
546 4638 641 4718 apres
658 4637 691 4700 la.
706 4640 810 4723 peiere
830 4642 956 4705 Libera
972 4663 1043 4716 nos,
1060 4647 1161 4704 avant
1185 4639 1225 4702 de
1249 4639 1319 4702 dire
1343 4640 1422 4702 Pac*
1444 4639 1583 4702 Domini
1592 4659 1604 4715 ;
1628 4645 1662 4700 et
1678 4656 1762 4720 pour
1777 4634 1858 4709 cela,

349 4732 459 4814 quand
475 4734 498 4795 il
515 4757 536 4798 a
552 4757 668 4823 rompu
685 4740 718 4804 la
734 4744 877 4826 parcella
893 4744 933 4808 de
950 4744 972 4806 l'
988 4743 1108 4820 hostie,
1124 4744 1147 4806 il
1165 4743 1199 4807 la
1214 4762 1295 4825 pose
1311 4742 1451 4806 aussitet
1466 4763 1524 4804 sur
1538 4741 1572 4805 la
1588 4742 1714 4826 patene.
1760 4737 1859 4803 Alors

350 4834 380 4897 le
396 4832 525 4914 Diacre,
543 4849 646 4923 ayant
663 4854 798 4909 couvert
819 4846 849 4909 le
866 4848 978 4924 calice,
995 4868 1030 4911 se
1047 4852 1164 4912 tourne
1180 4855 1199 4912 a
1217 4843 1329 4908 moitie
1348 4865 1423 4908 vers
1446 4844 1478 4907 le
1496 4844 1627 4930 peuple‚
1644 4850 1678 4908 et
1693 4850 1810 4908 tenant
1826 4841 1859 4905 la
