4440 5752
953 597 1141 647 urrunnu
1166 598 1206 646 11.

592 888 610 924 *
631 887 820 954 LIBER
865 890 1094 954 SANGTI
1138 889 1515 955 OUTHBERTI.

848 1130 910 1211 [nn
934 1131 1064 1195 Sncnrs
1087 1135 1311 1217 ononimus]

522 1295 543 1337 *
571 1293 668 1369 Ordo
685 1321 728 1368 en
745 1296 887 1368 incboot
902 1297 945 1368 de
962 1296 1084 1371 Sacris
1101 1297 1289 1368 ordinibus
1305 1297 1554 1371 benedicendis.
1574 1301 1589 1339 ¹¹
1842 1303 1860 1337 *
1878 1299 1950 1365 Fol.
1970 1302 2018 1365 sb.

379 1470 607 1554 ‚Psalmisten
622 1472 662 1534 id
685 1480 736 1536 est
759 1482 893 1547 ecastor,
911 1480 1027 1552 potest
1050 1474 1178 1554 absque
1203 1474 1350 1537 scientia
1375 1474 1561 1554 episcopi‚¹
1581 1473 1659 1538 solu
1682 1476 1830 1540 iussione

317 1574 518 1648 sucerdotis,
530 1584 553 1613 ¹⁸
568 1574 711 1657 officium
725 1575 898 1654 suscipere
914 1576 1093 1649 cantandi,
1109 1577 1242 1638 dicente
1258 1577 1324 1637 sibi
1334 1578 1565 1655 praesbitero.

404 1674 498 1759 Quod
512 1687 528 1714 ¹¹
551 1697 608 1739 ore
631 1681 747 1739 cnutus
769 1676 844 1758 (vel
867 1675 1035 1759 cantatis),
1051 1677 1149 1739 corde
1172 1675 1287 1741 credas
1302 1678 1376 1759 (uel
1391 1677 1550 1762 credatis)
1574 1682 1609 1741 et
1630 1679 1716 1760 quod
1733 1679 1830 1743 corde

317 1775 425 1840 credis
440 1777 514 1860 (uei
528 1777 685 1863 credatis)
703 1779 859 1863 operibus
875 1779 995 1863 probes
1010 1778 1084 1861 (uel
1099 1779 1273 1864 probetis).

852 1941 1061 2006 Onnrusnro
1082 1941 1294 2005 Hosrmnn.

403 2043 609 2108 Hostiorius
624 2065 700 2108 cnm
715 2039 900 2109 ordinatur
913 2053 1096 2127 postquam
1111 2047 1156 2107 ab
1172 2045 1421 2108 crclsidiceono
1439 2093 1446 2108 .
1465 2093 1472 2108 .
1491 2092 1498 2108 .
1515 2047 1642 2109 dicens.
1687 2045 1726 2109 E.
1744 2047 1796 2109 11.

406 2145 460 2209 Sic
475 2167 537 2231 ege
554 2194 561 2210 .
581 2194 587 2210 .
606 2146 854 2210 .reeluduntur.
901 2146 993 2210 Ibid.

404 2248 491 2313 Post
506 2250 575 2314 benc
592 2252 713 2314 trudat
728 2252 758 2313 ei
774 2252 942 2313 diaeonus
958 2249 1007 2310 od
1022 2247 1168 2310 bostium
1184 2245 1381 2312 aecclesiae.
1400 2247 1417 2281 ⁴*
1841 2256 1858 2293 *
1875 2254 1947 2319 Fol.
1964 2272 1993 2319 2,

903 2351 1061 2432 Presatio
1076 2349 1250 2412 bestiarii.

406 2449 514 2515 Deum
535 2452 669 2517 Patrem
692 2450 959 2534 Omnipotentem
980 2449 1175 2535 suppliciter
1198 2498 1257 2515 ...
1280 2450 1315 2514 in
1330 2451 1459 2516 unitate
1482 2451 1625 2537 Spiritus
1642 2451 1755 2517 Sancti
1770 2473 1830 2537 per

320 2551 431 2615 omnis
447 2551 562 2617 secula
576 2554 774 2619 seculorum.
818 2554 947 2632 Amen.
986 2552 1026 2615 E.
1044 2554 1096 2628 11,
1113 2552 1167 2614 12.

891 2656 1090 2718 Benedictio
1106 2654 1264 2738 ejusdem.

408 2754 548 2820 Domine
565 2756 678 2823 Sancti
694 2759 804 2835 Pater,
822 2805 829 2820 .
846 2805 853 2820 .
873 2757 1016 2820 .hubbre
1030 2756 1202 2831 mercedis,
1217 2775 1286 2839 per.
1336 2755 1374 2819 E.
1392 2756 1443 2820 12.

828 2859 1016 2941 Hucusque
1026 2860 1163 2939 primus
1176 2861 1320 2942 quadus.

864 3022 1074 3086 Onnmnmo
1097 3020 1290 3085 annoms.

406 3123 532 3187 Lector
546 3145 622 3188 cum
637 3127 825 3189 ordinatur
841 3172 848 3188 .
865 3171 873 3188 .
892 3126 1099 3206 .inqenium.
1117 3124 1135 3161 *
1181 3122 1221 3186 E.
1239 3123 1291 3186 12.
1353 3181 1359 3190 ,
1839 3134 1857 3168 *
1874 3130 1946 3195 Fol.
1964 3132 2015 3196 ab,

407 3223 495 3288 Post
510 3209 592 3290 bobc
607 3234 781 3307 spectante
799 3273 806 3288 .
824 3273 831 3290 .
850 3273 857 3288 .
873 3228 989 3289 dicens
1006 3224 1059 3308 (E.
1077 3224 1134 3308 12)
1150 3228 1199 3286 ad
1214 3246 1297 3288 eum.

406 3325 528 3408 Accipe
544 3331 579 3391 ct
593 3334 666 3391 esto
684 3375 690 3390 .
705 3375 712 3390 .
727 3374 734 3390 .
751 3333 874 3411 augeat
888 3327 950 3391 tibi
964 3327 1038 3409 (uel
1052 3326 1158 3411 vobis)
1170 3326 1314 3411 gratiam
1328 3325 1382 3410 (E.
1397 3325 1451 3411 12)
1468 3326 1555 3410 quod
1570 3327 1643 3412 ipse
1657 3333 1828 3412 praestare

319 3424 485 3511 dignetur,
502 3429 558 3512 qui
573 3449 648 3493 cum
663 3429 772 3494 Putre.
1274 3431 1278 3441 ’

893 3529 1095 3594 Benedictio
1113 3528 1262 3594 lectoris.

407 3630 547 3697 Domine
565 3633 683 3697 Sancte
698 3630 1344 3715 Pater..‚consulat(oelconsulunt).
1379 3631 1444 3696 Per
1459 3630 1644 3697 Dominum.
1690 3633 1729 3698 E.
1748 3634 1798 3699 12.
1815 3643 1829 3672 ⁶

809 3735 995 3816 Hucusque
1012 3736 1181 3797 secundus
1193 3736 1338 3816 quadus.

852 3896 1056 3962 Osomsnro
1078 3896 1294 3961 Exonorsnn.

406 4000 594 4066 Emorcista
610 4022 685 4065 cum
700 4001 886 4064 ordinatur
902 4046 909 4063 .
928 4046 935 4063 .
952 4047 960 4063 .
976 4001 1013 4061 in
1029 4021 1095 4081 quo
1112 3999 1298 4079 conscripti
1314 4008 1329 4047 Ρ
1344 4008 1423 4062 sunt
1440 4045 1447 4063 .
1465 4047 1472 4061 .
1490 4047 1497 4062 .
1513 4000 1680 4080 episcopo.

407 4101 529 4188 Accipe
548 4150 555 4166 .
573 4150 580 4167 .
599 4123 755 4167 ,manum
772 4103 790 4139 *
807 4122 907 4185 super
924 4151 931 4165 .
950 4151 957 4166 .
975 4150 981 4166 .
997 4102 1249 4167 caticumenum.
1294 4100 1333 4164 E.
1352 4102 1403 4165 13.
1837 4108 1854 4145 *
1872 4105 1943 4171 Fol.
1961 4125 1989 4190 3.

390 4339 405 4376 ι
530 4333 532 4337 ,
561 4323 568 4333 .

390 4338 1702 4502 1‘memnonemsnmstmfflmnmsumsp.
1739 4429 1768 4484 n.
1782 4430 1824 4488 10.

389 4521 410 4551 1
426 4519 431 4544 ¹
519 4516 524 4527 “
568 4517 590 4540 ‘⁸

389 4608 403 4636 ¹
418 4515 657 4671 ‘53:53⁰AE
672 4516 713 4655 lb).
727 4600 770 4655 10.
782 4618 842 4655 cum
856 4619 957 4657 canone
969 4603 1082 4657 Consilii
1096 4602 1229 4675 Karthag.
1243 4602 1291 4660 IV.
1305 4603 1357 4675 (cd.
1371 4602 1469 4666 Bruns,
1482 4619 1507 4674 p.
1523 4601 1597 4672 143.)

389 4695 402 4723 ⁰
413 4689 511 4741 emim
521 4690 609 4757 priore
620 4688 810 4756 Bmedidione,
824 4689 880 4742 scil.
916 4689 1030 4746 Oramus
1041 4690 1214 4746 dilectissimi.

388 4775 539 4844 '‘scriptt'
576 4773 606 4832 R.
619 4791 682 4831 cunr
694 4774 794 4831 concil.
808 4773 906 4832 Karth.
