4440 5760
365 546 407 607 42

364 719 397 780 in
429 717 607 782 novissimo
634 714 721 778 tuba
752 709 917 793 clangore,
944 715 963 770 a
989 704 1116 768 cunctis

368 819 507 881 nexibus
524 822 731 901 peccatorum
742 811 838 884 eruti,
850 814 885 872 et
899 814 1026 872 aeternae
1042 806 1117 868 vitm

369 918 500 1003 gaudiis
536 914 703 980 restituti:
736 915 914 993 resurgant
952 907 985 969 in
1023 911 1118 990 parte

476 1024 757 1156 Q

370 1159 506 1223 dexteris
523 1152 739 1220 coro-nandi.
788 1153 906 1213 Amen.

416 1256 508 1342 Quod
532 1256 602 1340 ipse
626 1257 783 1336 praestare
807 1249 971 1333 dignetur,
991 1247 1046 1329 qui
1070 1252 1123 1309 est

373 1379 452 1422 vera
483 1352 680 1418 resurrectio
711 1356 935 1412 mortuorum:
974 1345 1026 1409 cui
1060 1351 1121 1420 est,

373 1478 446 1521 cum
472 1461 593 1519 aeterno
618 1451 718 1513 Patre
750 1448 933 1529 Sanctoque
964 1444 1122 1519 Flumine,

375 1698 450 1760 laus
460 1700 495 1758 et
511 1691 716 1776 perpetuitas
728 1689 761 1750 in
775 1686 893 1750 saecula
906 1683 1121 1748 saecu-lorum.

372 1801 491 1860 Amen.

419 1891 626 1957 Communio.
671 1888 891 1950 Lnxaeterna.

582 1987 861 2051 Postcommunio.

471 2083 706 2152 UNERIBUS
742 2084 845 2148 sacris
879 2082 1003 2155 satiati,
1038 2102 1123 2164 quae·

515 2207 638 2259 sumus,
655 2183 796 2247 Domine
813 2181 905 2245 Deus
926 2189 1060 2254 noster;
1084 2185 1123 2241 ut

373 2286 467 2370 plebs
483 2293 542 2350 tua
556 2306 627 2368 quae
643 2283 677 2347 in
692 2284 805 2346 futuro
821 2289 840 2344 a
858 2285 963 2343 morte
979 2278 1123 2362 corporis

374 2391 600 2449 resurrectura
627 2382 792 2455 creditur;
818 2386 850 2442 te
881 2378 1059 2441 miserante
1089 2377 1122 2439 in

375 2484 474 2564 hujus
484 2482 558 2546 vitae
568 2502 667 2545 cursu
677 2489 696 2544 a
708 2485 813 2542 morte
824 2478 939 2542 animae
949 2495 1123 2557 resurgere

374 2588 550 2645 mereatur.
596 2581 670 2643 Per.

656 533 957 604 PONTIFICALE
981 525 1213 596 ECOLESIAE
1239 525 1402 592 SANOTI
1426 524 1636 591 ANDREAE.

1230 799 1274 861 In
1302 798 1555 862 consecratione
1582 807 1710 862 aonctoe
1736 799 1848 862 owcis

1170 897 1326 962 Letnnioe
1359 906 1511 980 agantur
1542 917 1565 959 a
1597 898 1737 961 duobus.
1793 897 1926 960 Deinde

1170 999 1347 1077 episcopua
1369 997 1505 1060 veniens
1529 1005 1609 1060 onte
1632 995 1747 1061 altore
1766 997 1814 1060 od
1834 997 1928 1060 berw-

1172 1097 1351 1160 dicendam
1380 1116 1517 1177 aquom,
1545 1097 1641 1159 dicat
1671 1105 1732 1172 ter,
1761 1093 1863 1171 Deus,
1894 1095 1929 1158 in

1172 1195 1374 1277 adjutorium
1400 1214 1510 1257 meum
1536 1194 1684 1270 intende,
1713 1215 1788 1261 oum
1814 1193 1928 1259 Gloria

1172 1297 1299 1376 absque
1315 1293 1469 1376 alleluya,
1479 1293 1620 1376 flectens
1634 1314 1749 1377 genua
1766 1303 1825 1358 ter.

1215 1395 1342 1458 Postea
1368 1395 1486 1476 faciat
1518 1396 1744 1457 emoroismum
1777 1392 1864 1457 salis
1897 1401 1931 1456 ct

1172 1514 1272 1575 aquoe
1287 1502 1320 1557 et
1335 1501 1531 1557 coeterorum
1546 1512 1621 1574 quoa
1637 1493 1686 1555 ad
1702 1492 1763 1557 boo
1777 1511 1929 1556 neomae-

1171 1594 1229 1654 ria
1244 1601 1322 1656 sunt
1338 1612 1411 1655 cum
1436 1592 1726 1656 benedictionibus
1748 1592 1929 1656 eorundem

1171 1693 1296 1766 dicens,

1255 1787 1476 1854 XOROIZO
1513 1791 1558 1861 te,
1591 1793 1746 1853 creatura
1780 1786 1861 1852 salis
1895 1797 1927 1852 ct

1294 1899 1416 1953 oaetcra
1431 1910 1535 1972 usque

1216 1987 1384 2072 Quatenus
1407 1993 1600 2053 consecrata
1622 1987 1671 2051 sis
1693 2007 1780 2070 aqua
1801 1991 1925 2062 sancta,

1172 2110 1209 2152 ac
1226 2086 1377 2171 proficias
1393 2087 1434 2150 nd
1444 2087 1684 2151 dedicationem
1694 2085 1794 2169 hujus
1805 2091 1926 2151 sancte

1172 2186 1279 2251 crucis
1293 2187 1435 2266 (borum
1453 2196 1651 2250 sanctarum
1673 2185 1823 2250 crucium
1823 2185 1864 2267 );
1887 2190 1928 2248 ut

1171 2308 1231 2371 per
1259 2291 1293 2349 te
1325 2272 1358 2349 et
1393 2306 1452 2369 per
1483 2284 1747 2349 benedictionem
1780 2282 1924 2346 divinam

1174 2385 1357 2450 auxiliante
1387 2383 1529 2447 Domino
1560 2384 1630 2447 sive
1660 2403 1721 2467 per
1744 2402 1782 2446 os
1809 2387 1845 2446 et
1867 2402 1928 2465 per

1173 2505 1290 2548 manus
1305 2489 1405 2567 atque
1421 2483 1563 2547 officium
1578 2487 1740 2557 nostrum,
1756 2480 1824 2544 haec
1845 2501 1925 2544 crux

1172 2585 1244 2665 (lece
1254 2581 1557 2664 cruces)divinit1ls
1567 2601 1628 2664 per
1646 2580 1790 2665 gratiam
1813 2579 1926 2643 Sancti

1175 2682 1318 2768 Spiritus
1349 2685 1559 2745 consecretur
1588 2678 1865 2763 (consecrentur)
1895 2683 1930 2742 et

1173 2781 1415 2866 perpetualiter
1443 2779 1485 2844 ad
1516 2778 1719 2843 adorandam
1750 2776 1929 2863 imaginem

1174 2880 1307 2944 Domini
1336 2879 1444 2943 nostri
1473 2878 1556 2942 Jesu
1581 2876 1706 2942 Christi
1738 2881 1931 2940 consecrata

1175 2984 1368 3064 permaneat
1407 2980 1632 3061 (consecrato
1664 2977 1930 3059 permaneant);

1176 3085 1210 3144 et
1234 3078 1378 3165 Spiritus
1396 3077 1537 3142 Sanctus
1553 3075 1684 3141 habitet
1698 3075 1732 3138 in
1755 3076 1817 3140 hac
1835 3095 1931 3140 cruce

1176 3178 1289 3243 sancit
1325 3178 1399 3261 (bis
1437 3178 1594 3240 crucibus
1632 3175 1791 3258 sanctis).
1866 3174 1932 3238 Per

1177 3279 1337 3342 eundem:
1361 3275 1408 3356 [in
1424 3276 1566 3360 unitate]
1581 3273 1741 3356 ejusdem.

1208 3378 1397 3460 Hocsaoto‚
1407 3384 1616 3458 aspergatur
1627 3393 1795 3437 ornacum
1805 3372 1932 3457 hysopo

1176 3483 1270 3560 aqud
1285 3475 1514 3557 sanctificato,
1529 3472 1737 3536 modulando
1756 3472 1844 3536 bano
1858 3475 1934 3535 An·

1177 3576 1360 3658 tiphonem.

1175 3720 1483 3828 ΞΞΞΗ

1220 3829 1389 3911 Asperges
1418 3845 1481 3887 me.

1353 3922 1524 3986 Psalmus.
1570 3922 1741 3987 Miserere.

1221 4024 1366 4086 Interim
1384 4021 1516 4084 lavetur
1533 4031 1606 4086 tota
1622 4043 1709 4087 cruca
1724 4030 1819 4107 aqud
1843 4024 1937 4088 bene·

1178 4124 1283 4185 dicto.
1329 4121 1464 4183 Deinde
1480 4121 1787 4204 subjungaturltoec
1805 4123 1936 4188 Oratio.

1253 4217 1509 4299 ΕΝΕιζεΒΙΟ,
1532 4218 1682 4297 Domine,
1697 4221 1783 4285 hanc
1806 4240 1936 4285 crucem

1299 4323 1391 4382 tuam
1414 4338 1474 4401 per
1496 4339 1595 4400 quam
1613 4319 1697 4402 (luas
1720 4342 1835 4385 cruces
1859 4329 1937 4384 ruas

1173 4441 1211 4500 p.
1229 4418 1336 4501 quas)
1350 4416 1522 4481 redemisti
1543 4418 1701 4482 mnndum
1724 4426 1744 4482 a
1768 4423 1935 4504 potestate

1179 4519 1374 4593 daemonum‚
1411 4523 1445 4580 et
1484 4517 1648 4600 superasti
1686 4519 1841 4601 passione
1878 4519 1936 4582 tus

1181 4622 1411 4701 suggestorem
1442 4616 1591 4700 peccati3
1618 4616 1674 4698 qui
1704 4617 1871 4702 gaudebat
1899 4615 1935 4679 in

1180 4715 1449 4801 praevaricatione
1465 4714 1562 4800 primi
1574 4715 1717 4779 hominis
1726 4736 1786 4801 per
1794 4713 1934 4779 vetitum
