4440 5760
975 595 1164 644 APPENDIX
1188 595 1238 642 IV.

927 768 1066 841 Tuonn.
1090 770 1284 834 Masurius

436 873 528 938 Deus
553 874 608 958 qui
635 872 773 958 gloriosi
797 871 961 936 antistitis
987 872 1120 936 Thomae
1147 871 1306 936 natalicia
1330 892 1396 935 non
1423 870 1563 936 ociosos
1586 871 1776 938 nativitatis
1803 882 1863 941 tue

349 978 479 1062 gaudiis
494 977 675 1041 miscuisti:
698 976 803 1060 ipsius
819 975 1117 1040 intervenientibus
1134 976 1262 1040 meritis
1278 977 1369 1039 hos'
1390 974 1535 1039 famulos
1550 981 1629 1040 tuos
1646 977 1860 1061 majestatem

350 1096 441 1144 trram
456 1089 467 1118 ¹
483 1081 588 1144 facias
603 1081 704 1145 debiti
723 1080 858 1143 honoris
874 1080 1068 1144 reverencia
1085 1079 1246 1143 venerari.
1292 1081 1409 1143 Amen.
1426 1079 1438 1116 ⁸

437 1185 480 1249 Et
496 1185 582 1248 sicut
597 1185 678 1267 ipse,
695 1184 789 1245 iuxta
811 1183 886 1246 boni
910 1183 1057 1268 pastoris
1073 1183 1232 1268 regulam,
1250 1181 1394 1246 animam
1411 1181 1504 1246 dedit
1525 1203 1586 1267 pro
1602 1184 1720 1249 ovibus
1736 1186 1808 1250 suis
1824 1195 1839 1224 ¹¹
1856 1210 1863 1250 :

349 1289 396 1352 sic
412 1289 455 1353 da
469 1289 622 1351 fidelibus
637 1295 652 1324 '
670 1287 736 1350 tuis
752 1285 877 1350 nnllam
894 1285 1074 1351 formidare
1091 1287 1297 1372 tyrannicam
1317 1287 1443 1350 rabiem
1466 1286 1500 1348 in
1517 1287 1732 1371 preiudicium
1749 1291 1865 1354 catho-

350 1390 411 1456 lice
429 1392 592 1455 veritatis.
638 1392 787 1452 Anien.‘

439 1496 600 1580 Quatinus
616 1494 688 1556 eius
704 1492 853 1576 exemplo
870 1513 929 1576 pro
945 1501 1137 1557 sanctarum
1153 1492 1266 1578 legum
1289 1490 1449 1577 [tuarum]
1465 1503 1484 1531 '
1500 1494 1718 1560 observancis
1731 1494 1866 1561 discant

348 1618 509 1683 prospera
520 1597 699 1680 despicere,
711 1601 746 1658 et
761 1595 801 1658 de
818 1596 990 1679 tyrannica
1004 1597 1096 1659 rabie
1113 1596 1273 1680 paciendo
1291 1594 1435 1659 viriliter
1452 1595 1691 1680 triumphare.¹
1728 1598 1864 1663 Amen.t

438 1701 531 1786 Quod
547 1703 632 1785 ipse.

440 1891 489 1955 On
506 1891 562 1955 the
578 1889 707 1974 ily-leaf
718 1888 757 1952 of
766 1889 824 1953 the
841 1889 971 1954 volume
987 1890 1017 1955 is
1032 1889 1212 1975 preserved
1228 1891 1284 1954 the
1300 1888 1473 1975 following
1487 1889 1522 1952 in
1538 1911 1559 1953 a
1573 1889 1662 1953 hand
1678 1892 1864 1957 sumeuhst·

350 1991 436 2057 later
453 1995 532 2058 than
549 1996 606 2058 the
622 1995 703 2058 time
719 1993 758 2058 of
771 1993 921 2058 Auienus
933 2016 981 2057 :-

824 2176 867 2239 Iu
890 2191 1000 2239 nasro
1022 2174 1205 2239 consonis
1229 2172 1392 2237 Osvnvsm.

437 2276 556 2358 [DJeus
572 2279 628 2362 qui
645 2299 764 2361 corpus
788 2300 883 2342 suum
908 2279 942 2342 in
965 2298 1108 2363 perenne
1132 2276 1323 2340 memoriale
1347 2279 1409 2341 sub
1433 2278 1605 2361 speciebus
1627 2279 1724 2364 panis
1745 2281 1864 2347 etvini

352 2380 504 2445 fidelibus
521 2382 714 2445 sumendum
731 2381 919 2465 dereliquit,
936 2402 995 2445 vos
1010 2382 1114 2445 faciat
1137 2382 1185 2445 ita
1208 2381 1354 2445 eiusdem
1371 2382 1519 2464 corporis
1534 2382 1685 2447 misteria
1701 2385 1863 2461 venerari,

352 2489 391 2546 ut
406 2484 494 2546 inter
509 2485 601 2547 illius
617 2486 766 2549 membra
780 2486 918 2571 possitis
934 2487 1097 2549 veraciter
1113 2486 1293 2549 numerari.
1339 2486 1455 2547 Amen.

440 2586 558 2670 Sicque
583 2589 676 2651 vobis
699 2610 831 2652 carnem
849 2611 942 2653 suam
966 2589 1000 2651 iu
1023 2589 1131 2652 cibum
1156 2596 1191 2653 et
1214 2589 1408 2674 sanguinem
1432 2587 1466 2649 in
1488 2593 1602 2672 potum
1626 2589 1803 2654 concedat:
1826 2598 1866 2655 ut

352 2688 533 2771 perfectam
550 2691 745 2754 sacietatem
763 2692 857 2756 vobis
879 2691 940 2779 [in]
962 2698 1077 2755 eterno
1101 2692 1251 2757 convivio
1274 2713 1348 2755 cum
1372 2690 1525 2754 omnibus
1549 2693 1673 2756 sanctis
1696 2693 1863 2773 tribu[at].

352 2793 469 2854 Amen.

440 2894 535 2980 Qu[o]
566 2896 652 2980 pasti
678 2897 899 2981 spiritualiter
920 2899 955 2962 in
978 2898 1128 2983 presenti
1153 2897 1222 2961 vita
1245 2897 1272 2983 (l
1290 2897 1351 2982 sic)
1375 2897 1487 2961 vivere
1509 2896 1675 2986 radentis]
1698 2905 1737 2963 ut
1765 2899 1864 2986 digne

352 2998 590 3062 manducantes
607 3020 717 3063 coram
734 3000 792 3065 illo
808 3008 931 3066 etcum
948 3001 1007 3065 illo
1023 3008 1116 3065 etern
1134 3050 1142 3067 .
1161 3050 1168 3064 .
1186 3050 1193 3064 .
1210 3002 1385 3065 maneatis.
1431 3003 1549 3065 Amen.

439 3099 532 3183 Quod
549 3102 621 3185 ipse
639 3110 801 3186 prestare.

438 3306 476 3369 ln
493 3307 551 3371 the
568 3308 771 3374 Sanctorole
787 3310 883 3374 there
899 3308 928 3373 is
944 3331 965 3374 s
980 3310 1093 3375 hiatus
1109 3312 1145 3375 uf
1158 3311 1261 3374 about
1277 3316 1343 3374 two
1358 3308 1471 3374 leaves
1487 3309 1594 3373 which
1612 3309 1772 3396 probably
1787 3333 1864 3376 con-

351 3408 464 3472 tained
482 3412 536 3473 the
555 3411 667 3475 Saints
683 3411 768 3476 from
786 3413 819 3477 S.
835 3417 950 3500 Agnes
967 3415 1056 3500 (Jan.
1073 3414 1155 3500 xxi.)
1174 3421 1207 3478 to
1225 3413 1257 3477 S.
1275 3413 1374 3478 Marh
1391 3412 1500 3499 (April
1517 3413 1608 3499 xxv.)
1625 3412 1785 3477 inclusive
1800 3416 1863 3498 (os.

351 3512 450 3596 Lacy‚
467 3536 519 3598 pp.
539 3517 713 3600 181-185).

439 3618 487 3681 On
505 3621 560 3683 the
577 3621 673 3684 other
688 3621 787 3699 hand,
803 3623 861 3687 the
884 3622 1058 3688 Pontifical
1082 3623 1120 3686 of
1142 3623 1291 3686 Anianus
1308 3624 1461 3687 contains
1483 3623 1539 3685 the
1555 3620 1736 3705 following,
1753 3621 1860 3685 which

352 3739 408 3782 are
426 3724 577 3809 vvnnting
592 3724 626 3787 in
643 3724 700 3788 the
716 3725 840 3790 Eneter
856 3727 927 3790 MS.
940 3750 993 3790 :-

697 3915 903 3980 Micnsams
928 3933 966 3979 nv
991 3932 1112 3981 sionna
1137 3933 1269 3981 ruunt.
1315 3915 1410 4000 (Mai.
1434 3915 1518 4000 viij.)

438 4013 530 4078 Dens
547 4016 603 4100 qui
621 4017 767 4103 Spiritus
784 4021 955 4105 angelicos
972 4042 1031 4105 pro
1047 4022 1246 4107 fragilitatis
1262 4023 1404 4086 humane
1421 4019 1599 4083 munimine
1616 4017 1709 4082 iubet
1723 4017 1765 4081 ad
1781 4016 1863 4082 infe·

422 4212 435 4252 ‘1
450 4206 618 4260 ‘martirium
631 4207 798 4279 specialiter!
836 4207 866 4262 LA
882 4210 933 4281 (ie.
947 4210 1093 4282 Pontifical
1104 4210 1216 4284 oflnoy
1228 4212 1270 4282 hp.
1285 4208 1428 4282 unone,
1441 4209 1482 4264 sd.
1495 4207 1620 4279 Bornos).

420 4294 528 4346 “nos'
566 4293 597 4347 L.

420 4387 431 4416 ⁸
445 4383 452 4408 ‘
460 4381 543 4450 ipsius
555 4382 722 4452 passionem!

420 4468 566 4522 “Amen'
605 4468 636 4521 L.
650 4470 739 4523 omits.

420 4553 690 4609 u‘sibicommissis)
727 4553 758 4610 L

419 4640 586 4694 '‘vioavils'
623 4641 654 4695 L.

419 4736 437 4764 v
450 4743 502 4778 uon
514 4725 588 4779 habet
601 4729 635 4781 A.
649 4729 705 4797 (te.
719 4729 878 4800 vatificolc
889 4731 947 4786 MS.
962 4733 1065 4787 Anioni
1078 4750 1116 4802 ep.
1131 4731 1264 4801 Boupor).

420 4822 434 4850 ¹
449 4813 604 4885 ‘despicere
618 4823 646 4867 et
657 4814 691 4868 de
703 4816 861 4872 adversariis
873 4821 981 4874 ecclesie
993 4837 1039 4892 per
1053 4837 1142 4875 vorum
1155 4820 1254 4873 mentis
1265 4815 1428 4890 pacienciam
1442 4816 1625 4890 triumphare!
1662 4818 1693 4875 L
