4440 5760
372 607 413 670 68
1001 625 1191 674 srrsumx
1215 625 1254 674 11.

370 817 410 858 ex
428 794 505 858 Sion
520 801 559 859 ut
569 807 590 835 ω
603 796 745 862 videatis
759 817 844 881 quae
859 798 947 860 bona
962 799 1089 862 suntin
1104 797 1318 863 Hierusalem
1330 797 1483 863 omuibus
1498 797 1614 861 diebus
1630 797 1705 861 vitre
1718 806 1877 864 vestrae.¹¹

456 898 572 962 Amen.

943 987 1014 1050 Hic
1029 997 1043 1026 ⁰
1061 987 1196 1070 ligandi
1212 997 1301 1051 sunt.

455 1085 547 1150 Deus
562 1087 619 1170 qui
635 1086 795 1171 apostolis
811 1089 878 1152 tuis
891 1088 1048 1153 Sanctum
1064 1089 1184 1154 dedisti
1202 1090 1362 1176 Spiritum
1379 1095 1414 1154 et
1428 1102 1444 1140 Ρ
1458 1110 1519 1174 per
1534 1109 1590 1152 eos
1606 1109 1787 1172 eorumque
1804 1109 1876 1153 suc·

369 1207 517 1253 cessores
532 1191 652 1254 ceteris
667 1190 819 1254 fidelibus
835 1191 1030 1255 tradendum
1046 1213 1121 1256 esse
1137 1193 1282 1270 voluisti,
1294 1193 1422 1276 respice
1437 1192 1604 1277 propicius
1620 1191 1663 1255 sd
1678 1191 1877 1256 humilitatis

369 1298 503 1355 nostrae
518 1290 715 1356 famulatum
731 1301 745 1340 ἲ
761 1299 795 1357 et
815 1302 950 1377 praesta
965 1301 1002 1359 ut
1025 1315 1138 1359 eorum
1159 1296 1233 1378 (vel
1253 1295 1373 1380 ipsius)
1397 1315 1576 1378 earumque
1599 1294 1699 1358 corda
1720 1294 1795 1376 (vel
1810 1314 1877 1369 cor,

369 1395 464 1477 cujus
486 1395 560 1476 vel)
581 1416 720 1477 quorum
742 1397 816 1478 (vel
837 1397 991 1481 quarum)
1013 1397 1110 1461 hodie
1133 1397 1276 1461 frontem
1292 1407 1304 1434 ¹³
1319 1397 1541 1472 delinivimus,
1564 1404 1599 1461 et
1620 1398 1716 1481 signo
1741 1402 1877 1460 sanctae

370 1497 475 1559 crucis
491 1497 766 1573 confirmavimus
782 1506 793 1533 ⁵
810 1499 953 1582 Spiritus
970 1499 1111 1563 Sanctus
1126 1499 1306 1564 adveniens
1320 1499 1481 1583 templum
1504 1499 1631 1584 gloriae
1655 1518 1721 1562 sua
1736 1498 1876 1582 dignan-

369 1605 422 1662 ter
437 1598 651 1661 inhabitando
668 1600 826 1683 perficiat,
842 1621 901 1683 per
915 1599 1113 1679 [Dominum.
1160 1601 1199 1665 Iu
1215 1602 1344 1666 unitate
1361 1602 1537 1686 ejusdemJ.

457 1703 467 1740 i
484 1700 553 1763 Pax
569 1700 748 1763 vobiscum.

457 1801 589 1865 Etcum
607 1801 726 1886 spiritu
741 1809 811 1866 tuo.

164 1893 181 1926 *
196 1891 267 1955 F0l·
292 1892 361 1974 13b·
777 1906 794 1940 *
808 1906 1007 1970 Benedictio
1022 1910 1173 1990 episcopi
1188 1929 1291 1990 super
1301 1929 1438 1990 pueros.
1455 1918 1471 1947 ¹²

457 2005 637 2070 Benedicat
651 2027 711 2070 uos
725 2009 933 2092 omnipotens
948 2011 1118 2086 Dominus,
1134 2019 1149 2048 '
1165 2012 1221 2094 qui
1237 2018 1357 2074 cuncta
1371 2031 1412 2074 ex
1432 2009 1556 2073 nichilo
1572 2008 1708 2084 creavit,
1725 2014 1760 2071 et
1782 2007 1877 2070 vobis

370 2107 403 2169 in
429 2109 628 2193 baptismate
653 2115 689 2174 et
713 2110 748 2173 iu
772 2112 1019 2176 confirmatione
1046 2113 1275 2178 remissionem
1302 2115 1446 2177 omnium
1474 2118 1685 2198 peccatorum
1710 2112 1840 2176 tribuit.
1857 2119 1876 2147 '

369 2212 488 2275 Amen.

455 2313 582 2397 Quique
606 2313 764 2399 Spiritum
789 2315 945 2379 Sanctum
967 2316 1074 2400 igneis
1089 2317 1213 2402 linguis
1238 2318 1308 2381 suia
1329 2316 1421 2382 dedit
1443 2314 1623 2400 discipulis,
1641 2315 1740 2380 corda
1761 2319 1876 2379 vestra

367 2414 473 2496 ipsius
488 2415 712 2479 illustratione
729 2416 876 2492 irradiet,
891 2422 991 2500 atque
1006 2419 1040 2481 in
1056 2420 1108 2482 sui
1124 2440 1236 2483 amore
1252 2419 1376 2504 iugiter
1389 2418 1558 2483 accendat.
1603 2418 1719 2481 Amen.

454 2516 616 2599 Quatinus
631 2539 652 2580 a
667 2519 794 2581 cunctis
809 2519 901 2582 vitiis
917 2520 1084 2584 emundati
1101 2521 1272 2605 ipsiusque
1290 2520 1507 2604 opitulatione
1531 2522 1574 2585 ab
1589 2520 1742 2584 omnibus
1757 2517 1876 2584 adver-

369 2618 525 2683 sitatibus
540 2619 666 2682 defensi
682 2619 842 2704 templum
857 2619 949 2685 illius
964 2622 1047 2686 effici
1062 2624 1267 2687 mereamini.
1284 2634 1299 2663 ¹

456 2720 547 2803 Quod
564 2721 646 2805 ipse.
663 2729 676 2767 ¹

438 2891 460 2920 ¹²¹
475 2883 539 2937 ‘tibi
560 2883 690 2937 Dominus
708 2900 741 2938 ex
759 2883 823 2938 Sion
836 2885 879 2938 et'
917 2884 956 2954 E,
969 2884 1129 2957 Leofrie.—‘
1137 2885 1210 2941 vobis
1228 2887 1353 2941 dominus
1370 2887 1449 2942 cxiou
1468 2890 1514 2941 ut'
1557 2890 1665 2941 s-‘to
1684 2884 1823 2952 Dominus,
1842 2900 1875 2936 ex

367 2970 439 3040 Syon
452 2978 479 3024 et
491 2970 580 3024 videas
592 2970 842 3039 bonaJerusalcm,’
857 2971 901 3026 bo.
939 2975 1044 3027 Anien.
1201 2959 1204 2981 ³

438 3066 453 3094 ¹¹
467 3061 546 3111 ‘tuas
583 3057 640 3111 Pax
660 3065 746 3111 tecum
765 3059 795 3112 in
814 3060 898 3112 vitam
917 3061 1065 3114 aeternam)
1101 3060 1249 3115 u.-‘tuae.
1286 3059 1377 3114 Gloria
1396 3059 1479 3115 Patri.
1515 3059 1592 3114 Sicut
1609 3063 1674 3111 erat.
1724 3055 1754 3111 V.
1774 3053 1876 3109 Emitte

368 3142 506 3213 Spiritum.
544 3143 578 3199 Ii.
593 3143 628 3197 Et
639 3145 767 3199 renovati.
806 3145 864 3198 Pax
883 3154 979 3201 tecum
1017 3146 1053 3200 Ilt
1070 3164 1139 3202 uum.
1179 3146 1251 3201 Deus
1268 3147 1315 3216 qui
1334 3146 1475 3217 apostolis!
1514 3140 1800 3199 sueta-leofrici
1817 3140 1875 3195 Ser·

370 3231 425 3284 vioe
446 3231 468 3284 ia
487 3248 550 3301 very
569 3230 650 3284 short.
689 3229 717 3284 It
735 3231 860 3286 contains
881 3233 996 3303 nothing
1015 3234 1066 3288 but
1085 3233 1286 3304 ‘Omnipotens
1322 3231 1364 3286 Da
1383 3232 1416 3288 ei.
1454 3231 1553 3303 Accipe
1570 3230 1687 3300 signum.
1725 3226 1792 3280 Eoos
1810 3225 1876 3288 sio.,'

368 3317 484 3372 without
495 3336 549 3388 any
562 3318 683 3373 Rubrius.

439 3405 579 3459 οιΜοᾰο)
616 3404 647 3458 lt.

439 3494 599 3564 s‘quique.'
640 3492 764 3548 Chicltele·

439 3589 453 3628 s
467 3580 511 3633 ‘ad
524 3591 614 3634 nostra
624 3579 787 3634 humilitatis
796 3579 928 3635 officium)
951 3579 1243 3635 Uistula—Animus
1252 3595 1342 3649 agrees
1352 3579 1418 3632 with
1432 3578 1476 3633 the
1485 3582 1550 3646 text,
1561 3578 1611 3632 but
1619 3576 1697 3631 reads
1710 3573 1803 3628 ‘huius
1811 3575 1872 3628 cor!

439 3675 450 3705 Γ
463 3670 591 3738 ‘quorum
604 3667 705 3721 frontes
716 3669 876 3722 sacrosancti
888 3668 1045 3722 chrismati!
1070 3667 1322 3722 Chibete-‘ouius
1335 3667 1449 3721 frontem
1462 3682 1535 3720 sacro
1546 3664 1670 3719 crismate
1681 3661 1872 3729 dedicauimus,

368 3760 396 3807 ct
408 3754 484 3824 signo
496 3754 582 3809 crucis
601 3795 607 3807 .
622 3794 649 3809 ..
668 3755 795 3825 perficiat,
809 3757 945 3824 quiscum
960 3755 1015 3808 Deo
1028 3754 1108 3809 Patre
1118 3763 1145 3809 et
1156 3754 1210 3809 S.S.
1223 3756 1294 3808 uiuit
1303 3764 1330 3808 st
1338 3759 1434 3824 regnat
1445 3753 1475 3806 iu
1484 3752 1648 3825 sempiterna
1656 3748 1751 3806 secula
1772 3749 1872 3802 Amen.

369 3839 515 3895 Benedicat
527 3847 553 3895 te
565 3858 640 3912 omps
654 3840 774 3894 Poterat
787 3840 871 3894 Filius
883 3840 1105 3912 etSpsSauotus
1143 3843 1250 3897 Amen!
1287 3842 1424 3895 domnus.

440 3937 451 3966 ⁸
465 3929 702 3998 ‘consignavimus
715 3929 803 3982 idem'
843 3928 968 3996 Cbicbole,
981 3929 1118 3983 Auienus.

439 4015 495 4069 tlu
509 4015 584 4086 place
596 4015 626 4068 of
636 4015 716 4069 ‘Pan
730 4015 766 4068 Et
778 4016 856 4080 oum,’
870 4015 901 4068 Ε,
915 4015 964 4069 has
981 4033 998 4070 a
1015 4015 1131 4071 Rubrio:
1152 4015 1246 4070 ‘'Modo
1264 4014 1492 4068 ommunicatus!
1531 4013 1583 4066 ‘st
1600 4017 1664 4066 notu
1680 4012 1749 4082 ossod
1766 4012 1791 4063 si
1807 4014 1873 4062 mus

369 4102 548 4172 constituendi
559 4103 588 4155 id
599 4102 727 4170 deponam,
737 4104 922 4155 commonstrati
932 4108 996 4156 suot
1009 4103 1040 4157 de
1053 4103 1313 4172 morfisa-‘eum
1321 4102 1455 4172 episcopus
1465 4101 1560 4157 dicens.
1585 4098 1688 4171 Oorpus
1699 4096 1815 4165 Domini,
1826 4095 1871 4150 ho.

368 4187 506 4260 Hocfocto
517 4189 698 4258 injungatur,’
712 4188 756 4241 hc.
793 4187 926 4241 Dhiohele.

439 4286 454 4314 ¹¹
468 4277 609 4347 ‘Sepsitur
620 4277 759 4330 benedictio
771 4275 941 4344 episcopalis!
977 4275 1006 4329 s.
1022 4275 1045 4329 7.

440 4372 454 4400 v
468 4364 571 4418 ‘Deus’
608 4362 639 4418 s.

439 4459 458 4487 '
471 4451 605 4505 ‘tribuat’
642 4449 672 4502 Ε.

440 4546 454 4573 ¹
468 4537 497 4591 ll.
511 4538 527 4591 8
541 4539 589 4591 bos
600 4555 617 4590 a
628 4537 717 4590 fourth
732 4537 821 4591 clause
839 4536 926 4590 before
940 4535 1025 4605 ‘quod
1045 4535 1207 4605 ipse-cis,
1228 4538 1234 4564 ‘
1242 4534 1294 4589 Ille
1305 4537 1352 4606 qui
1366 4553 1412 4591 vos
1423 4536 1529 4603 crssvit,
1542 4536 1577 4590 ab
1589 4535 1714 4590 omnibus
1732 4533 1810 4587 mulis
1822 4532 1872 4585 im·

283 4623 286 4627 ’
369 4623 536 4678 minantibus
547 4624 686 4691 custodiat,
699 4632 726 4677 et
738 4625 773 4678 ub
785 4626 859 4678 omni
872 4625 1004 4695 pravitate
1016 4622 1149 4675 defendat.
1187 4623 1294 4675 Amen!

440 4710 556 4774 r‘Quod
570 4711 633 4781 ipse.
653 4713 751 4766 Amen.
802 4711 962 4766 Benedictio.
983 4713 1081 4762 Arnen.
1132 4709 1197 4761 Alio
1217 4709 1358 4762 bmedictio
1376 4709 1414 4762 od
1434 4709 1543 4764 musam
1558 4714 1620 4779 port
1640 4709 1870 4780 corsfirruotiooeru¹

369 4796 491 4863 Effuudc,
504 4812 659 4865 quaesumus
672 4797 795 4860 Domine,
808 4816 888 4869 super
900 4799 948 4852 hos
959 4796 1089 4861 famulos,'
1103 4794 1148 4850 ho.
1185 4794 1260 4849 'iheu
1277 4794 1379 4849 follows
1396 4796 1426 4848 iu
1445 4795 1475 4850 Ε.
1489 4796 1536 4851 the
1553 4795 1636 4851 Order
1654 4797 1684 4851 of
1698 4797 1872 4852 Ordinatious

369 4883 399 4938 of
408 4883 513 4953 Pricsts,
528 4882 581 4952 bo,
595 4884 626 4936 in
637 4882 759 4938 &mono
771 4885 901 4941 AEoclcsio
912 4902 942 4940 as
954 4884 1043 4948 above,
1057 4898 1082 4953 p.
1096 4881 1139 4936 60.
