4440 5752
357 584 399 647 90
981 595 1171 644 sersnnrx
1193 593 1243 644 vr.

434 773 513 856 xxij.
538 772 576 838 In
593 794 675 838 cens
689 769 833 837 Domini.
850 779 870 809 '
914 771 967 835 Ad
983 768 1093 835 oleum
1109 770 1324 835 infirmorum.
1435 825 1443 841 ,

536 874 728 940 Benedictio
744 873 809 940 olei
824 873 866 939 ud
883 872 1127 964 baptizandum.

539 977 725 1042 (irismstis.
755 973 780 1025 ’θ

537 1080 731 1146 Benedictio
747 1079 837 1167 ignis
853 1078 894 1145 de
911 1080 1002 1145 silice
1018 1079 1167 1144 excussi:
1192 1077 1277 1144 seria
1299 1084 1396 1144 sextu
1419 1079 1620 1146 Parasceves
1644 1081 1695 1146 vel
1721 1081 1867 1147 Subboto

618 1183 753 1248 Sancto.
768 1225 783 1238 -

391 1286 512 1372 [xxiij]
537 1287 729 1352 Benedictio
744 1285 929 1351 foncium.¹
975 1286 1063 1351 Ordo
1078 1284 1279 1370 baptizandi.
1305 1273 1322 1339 l

408 1390 514 1474 xxiiij.
536 1388 780 1455 Reconciliecio
795 1389 1018 1474 penitencium
1034 1388 1068 1452 in
1084 1387 1175 1453 Cena
1188 1387 1331 1453 Domini.
1346 1396 1360 1436 ἲ
1375 1394 1397 1437 ²

427 1493 513 1556 mxv.
537 1493 589 1557 Ad
607 1492 764 1557 scrinium
780 1491 833 1556 vel
849 1493 983 1558 archum
1000 1490 1054 1555 vel
1071 1511 1204 1575 capsam
1221 1489 1487 1557 benedicendam.
1505 1503 1516 1530 ⁸
1533 1496 1557 1549 2

425 1596 514 1680 xxvj.
538 1595 625 1661 Ordo
641 1595 683 1661 ud
699 1595 1006 1660 communicandum
1022 1595 1200 1658 infirmum.
1216 1590 1263 1650 *ἐ

539 1699 627 1764 Ordo
643 1699 685 1765 od
701 1699 914 1786 unguendum
930 1697 1106 1763 infirmum.

537 1803 626 1868 Ordo
642 1801 948 1885 commendacionis.
994 1801 1140 1866 Letanioe
1156 1801 1284 1864 breves.

410 1903 511 1987 xxvij.
537 1904 624 1969 Ordo
640 1904 682 1970 ed
699 1904 924 1990 sepeliendum
941 1924 1073 1989 corpus.
1088 1885 1138 1958 ll

399 2007 512 2091 xxviij.
537 2008 576 2072 In
593 2007 726 2073 abbatis
742 2008 960 2073 ordinatione.
976 2019 989 2049 ⁶
1010 2002 1029 2050 ’ὅ

539 2110 700 2197 Specielis
714 2110 900 2175 benedictio
915 2108 1096 2174 abbatisse.
1112 2107 1127 2145 ‘¹

535 2213 727 2278 Benedictio
741 2213 885 2284 vestium
900 2211 1155 2277 monacbolium.
1171 2223 1183 2252 ⁶

536 2316 729 2381 Benedictio
743 2315 808 2380 veli
824 2315 1008 2401 virginalis.
1025 2315 1037 2357 ¹

399 2417 515 2498 [xxix]
539 2419 731 2485 Benedictio
746 2417 868 2504 lapidis
883 2438 942 2503 pro
958 2416 1126 2482 fundende
1142 2415 1291 2481 ecclesia.
1308 2425 1321 2462 ⁸

538 2521 730 2587 Benedictio
745 2520 1009 2586 lintheaminnm.
1027 2522 1043 2562 ¹²

535 2626 620 2690 item
632 2623 818 2690 benedictio
830 2622 872 2688 od
884 2622 1102 2688 lintheamina
1113 2628 1148 2687 et
1159 2623 1226 2688 olis
1237 2644 1300 2708 que
1314 2643 1397 2707 opus
1410 2624 1493 2688 fiunt
1504 2622 1538 2688 iu
1552 2644 1645 2688 sucro
1658 2622 1866 2687 ministerio.i

427 2803 445 2829 *⁷
459 2793 488 2849 L.
502 2794 597 2864 6644,
611 2795 678 2849 with
692 2795 738 2849 the
751 2794 830 2849 Form
845 2794 962 2849 ‘Euritte
974 2796 1146 2865 quaesumus,'
1160 2793 1195 2848 H.
1210 2794 1271 2848 202.
1310 2795 1403 2866 ‘lytris
1414 2794 1446 2848 de
1456 2795 1543 2862 etin:
1557 2810 1600 2848 ses
1611 2811 1637 2867 p.
1651 2793 1695 2849 92.

427 2892 441 2921 ¹
454 2882 580 2938 Thisbes
592 2884 658 2939 been
672 2883 780 2956 printed
793 2885 829 2955 by
842 2883 888 2938 Dr.
903 2882 1061 2938 Henderson
1075 2884 1103 2936 in
1117 2900 1151 2937 nn
1167 2883 1315 2955 Appendix
1327 2891 1355 2937 to
1367 2883 1414 2937 the
1426 2881 1541 2936 Manuol
1552 2881 1561 2919 ¹
1571 2898 1615 2954 pp.
1631 2881 1708 2948 150³,
1723 2880 1800 2935 151⁴&

426 2970 644 3026 5Recouciliotio
663 2971 854 3043 penitentium.
903 2969 959 3025 The
977 2969 1057 3024 Form
1078 2971 1183 3038 ‘Adest
1204 2988 1220 3024 o
1238 2969 1396 3025 venerabilis
1414 2969 1551 3042 pontifex)
1593 2969 1707 3024 ‘Venite
1724 2969 1792 3025 dlii!
1811 2971 1864 3024 end

357 3059 470 3114 ‘Adesto
483 3059 559 3127 Dne'
572 3076 602 3114 ss
614 3059 642 3113 iu
657 3058 686 3113 1..
701 3058 797 3113 61-63.
834 3058 890 3112 The
903 3057 980 3112 other
995 3056 1109 3127 Prsyers
1124 3074 1170 3113 are
1188 3058 1266 3127 given
1286 3058 1465 3125 below—oie,
1480 3057 1568 3113 ‘Deus
1580 3056 1692 3112 humsni
1705 3057 1809 3128 generis
1820 3058 1864 3112 be-

355 3145 511 3216 nignissime
529 3145 650 3201 eonditor
668 3153 696 3199 et
715 3144 958 3199 misericordissime
976 3143 1141 3198 reformator.
1188 3145 1366 3217 Omnipotens
1386 3145 1548 3217 sempiterne
1573 3143 1652 3213 Deus,
1675 3144 1866 3199 confitentibus

356 3234 404 3287 tibi
418 3233 527 3288 famulis
539 3233 601 3287 tuis.
639 3232 755 3287 Domine
767 3232 793 3287 S.
811 3231 892 3286 Peter
904 3247 980 3303 omps
992 3238 1084 3286 eterne
1097 3231 1168 3286 Deus
1186 3233 1285 3305 respice
1303 3233 1435 3306 propitius
1452 3250 1531 3305 super
1549 3232 1598 3286 bos
1609 3233 1725 3288 tumulos
1738 3240 1804 3301 tuos,
1817 3235 1864 3303 qui

355 3322 389 3374 eb
406 3321 510 3376 infeste
548 3321 621 3375 Deus
640 3320 794 3387 misericors,
816 3319 888 3373 Deus
905 3317 1030 3385 clemens,
1049 3319 1097 3388 qui
1115 3320 1262 3375 secundum
1281 3320 1485 3375 multitudinem
1506 3321 1718 3376 misemeionum.
1760 3321 1864 3377 Exaudi

355 3425 517 3478 quaesumus,
531 3424 608 3481 omps
621 3407 700 3476 Deus,
714 3423 805 3479 preces
818 3411 923 3460 nostros
934 3422 1002 3475 ques
1013 3405 1042 3460 in
1056 3413 1198 3478 conspectu
1211 3407 1321 3479 pietutis
1333 3415 1387 3462 tuor
1417 3406 1622 3462 Absolutionem
1636 3415 1664 3462 et
1675 3407 1863 3463 remissionem.

426 3494 506 3550 ‘The
518 3494 630 3567 Prnyers
643 3494 705 3550 bere
717 3493 877 3565 correspond
891 3492 958 3547 with
973 3493 1047 3548 tbose
1061 3493 1089 3546 in
1103 3493 1133 3548 L.
1148 3492 1281 3560 231-233,
1295 3493 1437 3565 excepting
1455 3492 1516 3547 tbst
1527 3491 1602 3547 there
1614 3492 1637 3547 is
1649 3510 1666 3548 s
1678 3493 1767 3548 verbel
1778 3492 1864 3548 differ-

355 3600 418 3638 ence
432 3583 460 3636 in
475 3583 521 3638 the
532 3589 760 3638 commeuoement
772 3582 803 3636 ol
813 3589 866 3635 two
878 3581 909 3635 of
917 3580 1000 3635 them.
1039 3581 1170 3635 ‘Domine
1187 3580 1255 3636 Jesu
1274 3580 1388 3643 Christe,
1404 3581 1474 3635 Deus
1492 3580 1676 3634 universorum
1695 3581 1724 3635 in
1741 3598 1795 3651 quo
1809 3582 1865 3636 solo

355 3672 491 3726 celestium
507 3671 649 3739 machine,’
662 3670 719 3725 and
733 3669 909 3724 ‘Dominetor
919 3668 1034 3725 Domirm
1045 3669 1117 3724 Deus
1128 3669 1312 3724 universarum
1323 3667 1459 3723 celestium
1470 3675 1498 3723 et
1507 3668 1671 3722 terrestrium
1681 3675 1861 3723 creaturarum

355 3761 401 3828 qui
413 3776 589 3831 supernorum
604 3758 771 3830 fragrancia!

423 3847 513 3901 ⁸'l'his
524 3847 579 3902 end
592 3846 638 3901 the
649 3844 789 3917 following
801 3845 869 3900 bove
881 3845 947 3900 been
962 3844 1069 3916 printed
1083 3845 1119 3915 by
1131 3844 1178 3899 Dr.
1193 3843 1350 3898 Henderscn
1371 3843 1399 3896 in
1418 3860 1452 3898 sn
1467 3842 1612 3915 Appendix
1632 3849 1659 3898 to
1677 3844 1724 3898 the
1743 3843 1861 3908 blanuul.

356 3953 380 4006 p.
397 3935 473 3989 l94'·

426 4023 515 4078 bibici.
529 4039 556 4094 p.
569 4020 647 4075 19⁹!

426 4110 486 4166 οΠ.
499 4108 595 4163 45-50.

426 4194 488 4249 dll.
504 4194 565 4250 147.

427 4292 438 4320 ²
452 4285 458 4313 ‘
467 4282 526 4336 Duc
537 4281 566 4336 J.
580 4283 608 4336 0.
622 4281 670 4353 qui
683 4281 818 4353 tegimen!
858 4279 886 4334 L.
903 4279 961 4334 128.

427 4369 623 4442 “Suppliciter
636 4375 663 4423 te
677 4367 809 4423 Domine)
846 4366 882 4421 11.
898 4367 956 4421 159.

422 4466 436 4502 ⁸
450 4456 562 4510 Psinted
575 4456 610 4528 by
623 4455 669 4510 Dr.
684 4454 843 4510 llenderson
858 4454 886 4507 in
899 4471 935 4508 sn
951 4453 1096 4526 Appendix
1110 4461 1138 4509 to
1151 4453 1197 4510 the
1210 4453 1358 4510 Pontificnl.
1398 4453 1432 4509 Il.
1446 4454 1507 4508 295.

424 4542 438 4579 ¹¹
453 4543 583 4598 ‘Domine
595 4543 668 4597 Deus
679 4558 755 4614 omps
767 4541 814 4612 qni
827 4542 877 4612 (ul.
891 4541 971 4612 sicut)
984 4542 1019 4596 ob
1031 4541 1129 4598 inicio.¹
1167 4541 1197 4597 1.
1211 4541 1254 4596 43.
1292 4541 1363 4598 Mon.
1376 4542 1432 4597 Bit.
1446 4540 1470 4596 1.
1484 4559 1508 4613 p.
1522 4540 1583 4595 234.

430 4630 436 4665 ἱ
451 4628 571 4684 ‘Exaudi
591 4629 652 4684 Dne
670 4646 760 4702 preces
778 4637 883 4684 nostrus
901 4635 929 4683 et
947 4629 996 4684 bec
1015 4627 1202 4697 lintbenmius,
1223 4628 1330 4699 elinque
1349 4627 1515 4696 indumento,
1530 4645 1633 4684 necnon
1653 4642 1680 4684 et
1699 4647 1761 4685 ruse
1779 4633 1862 4686 suncti

352 4718 445 4772 ulteris
456 4722 483 4772 et
496 4716 603 4772 ecclesie
618 4723 671 4784 tue,
685 4722 835 4787 cunctn‘que
848 4711 914 4772 socri
934 4715 1079 4786 ministertj
1101 4715 1160 4769 usui
1178 4727 1319 4788 preparate
1338 4715 1490 4771 benedicere
1508 4723 1536 4771 et
1553 4716 1719 4773 sanctificum
1737 4717 1861 4790 digneris,

352 4807 415 4875 per!
454 4802 496 4875 Ofl
509 4804 580 4858 dlon.
595 4802 650 4857 lto.
665 4802 689 4859 l.
702 4819 727 4875 p.
743 4803 803 4860 174.
