4440 5760
348 583 389 647 82
985 596 1169 648 srrsrmx
1193 599 1243 648 1v.

352 789 477 854 consist
491 789 543 852 for
559 788 615 852 the
632 791 721 853 most
736 792 813 874 pert
828 787 866 851 of
877 788 971 853 three
988 795 1161 854 sentences
1185 789 1309 875 (rarely
1332 790 1370 855 of
1388 795 1455 855 two
1479 789 1566 876 only,
1582 799 1595 829 ⁸
1610 792 1674 857 und
1699 791 1865 858 occasion·

354 892 421 976 ally
437 892 474 956 of
487 913 525 957 ss
540 914 638 977 msny
654 914 692 958 ss
709 893 761 957 six
777 914 815 958 or
831 894 957 980 seren),
973 894 1186 980 followedby
1202 895 1259 960 the
1275 895 1466 961 conclusion
1476 917 1531 958 :-

445 1109 464 1138 “
474 1101 567 1186 Quod
583 1101 654 1186 ipse
670 1107 828 1187 prestare
843 1101 1001 1188 dignetur
1016 1101 1113 1185 cujus
1127 1123 1266 1188 regnum
1283 1108 1318 1167 et
1333 1102 1506 1186 imperium
1524 1103 1594 1167 sine
1614 1103 1679 1167 fine
1694 1109 1867 1188 permanet

356 1207 388 1270 in
406 1205 520 1271 secula
535 1205 732 1270 seculorum.
778 1206 896 1269 Amen.

441 1309 632 1374 Benedictio
649 1308 711 1373 Dei
726 1309 838 1374 Patris
863 1313 898 1374 et
912 1309 990 1374 Filii
1015 1313 1051 1374 et
1075 1309 1221 1395 Spiritus
1247 1309 1369 1388 Sancti,
1385 1315 1419 1375 et
1443 1331 1510 1396 pax
1535 1309 1669 1375 Domini
1692 1311 1761 1394 (at.
1777 1309 1864 1395 ejus)

356 1412 401 1477 sit
416 1433 547 1497 semper
563 1413 747 1477 vobiscum.
788 1412 944 1492 [‘Amen.’
990 1413 1044 1477 AE.
1062 1412 1150 1499 105.]

442 1516 576 1580 Etcum
593 1517 713 1600 spiritu
729 1521 797 1579 tuo.

442 1620 560 1705 Agnus
575 1618 669 1696 Dei,”
683 1619 742 1685 &c

442 1809 481 1872 Iu
506 1832 526 1874 a
550 1810 614 1873 few
640 1811 818 1888 instances,
845 1810 975 1875 instead
1000 1810 1037 1875 of
1060 1809 1182 1896 “Quod
1207 1810 1278 1896 ipse
1303 1861 1310 1875 .
1335 1860 1342 1874 .
1369 1860 1375 1874 .
1401 1808 1596 1874 seculorum.
1643 1811 1780 1874 Ameu.”
1806 1810 1865 1874 the

356 1910 525 1998 following
540 1914 729 1978 conclusion
745 1913 775 1977 is
791 1913 993 1979 substituted
1006 1937 1057 1976 :-

442 2120 534 2184 “Ille
551 2141 611 2184 vos
627 2121 804 2185 benedicet
827 2121 867 2185 de
885 2119 983 2197 celis,
1000 2120 1055 2205 qui
1079 2141 1139 2205 per
1155 2140 1283 2184 crucem
1310 2124 1358 2200 [et
1381 2120 1588 2206 sanguinem]
1611 2119 1776 2203 passionis
1799 2140 1866 2183 suoe

353 2244 413 2288 vos
428 2224 570 2289 redemit
583 2227 603 2307 (
605 2225 653 2288 ol.
671 2246 730 2289 vos
746 2224 880 2290 redimit
904 2225 959 2290 vel
983 2245 1044 2288 uos
1067 2224 1225 2310 dignatus
1249 2230 1302 2288 est
1325 2224 1501 2308 redimere)
1526 2223 1561 2286 in
1586 2224 1704 2287 terris:
1728 2222 1789 2288 Cui
1813 2229 1867 2288 est

354 2328 508 2392 honoret
524 2328 709 2412 imperium,
726 2349 864 2412 regnum
891 2332 926 2392 et
949 2333 1099 2412 potestas
1124 2328 1158 2390 iu
1183 2326 1295 2391 secula
1319 2316 1515 2392 seculorum.
1559 2328 1695 2403 Amen,”
1711 2326 1866 2390 followed

354 2433 396 2517 by
411 2432 632 2496 “Benedictio
651 2433 793 2509 Putris,”
809 2434 875 2509 dre,
891 2453 929 2495 as
946 2432 1060 2496 above.

437 2535 508 2598 The
524 2535 695 2621 following
710 2556 766 2600 are
783 2537 840 2600 the
857 2556 952 2600 cases
968 2535 1079 2599 where
1095 2534 1187 2600 “Ille
1205 2556 1264 2600 ros
1275 2541 1293 2568 ”
1310 2555 1425 2600 occurs
1437 2533 1568 2599 instead
1581 2534 1619 2598 of
1631 2533 1752 2620 “Quod
1765 2534 1864 2618 ipse”

352 2638 384 2700 in
401 2638 557 2722 prert’s
572 2639 836 2704 Benedictionol
846 2663 899 2701 .·-

436 2830 480 2893 In
496 2830 552 2893 die
570 2829 848 2914 Quadrupesimoe
863 2832 911 2893 ad
934 2831 1110 2911 Vesperas.
1155 2829 1208 2893 Ad
1224 2828 1485 2905 custodiendam,
1500 2828 1573 2905 &c.,
1589 2850 1621 2908 p.
1639 2828 1692 2894 62.

436 2933 482 2996 In
497 2933 635 2997 Pascha
651 2935 700 2996 ad
721 2933 913 3013 Vespersm.
959 2933 1051 2997 Deus
1065 2932 1121 3018 qui
1138 2932 1277 2996 calentis
1301 2981 1309 2996 .
1329 2980 1335 2995 .
1354 2980 1361 2995 .
1384 2952 1552 3008 revocure,
1568 2933 1640 3009 &c.,
1656 2955 1687 3017 p.
1705 2932 1757 2995 65.

437 3035 527 3098 Alia
543 3037 731 3100 benedictio
748 3038 784 3099 in
800 3036 1064 3119 Rogationibus.
1109 3034 1250 3119 Respice
1266 3034 1417 3110 Domine,
1432 3037 1498 3110 dic,
1516 3057 1547 3118 p.
1564 3035 1616 3098 69.

437 3138 482 3201 In
497 3139 553 3201 die
570 3139 782 3203 Pentecosten
798 3140 847 3200 ad
869 3138 1060 3219 Vesperum.
1106 3136 1247 3201 Domine
1262 3136 1344 3200 Jesu
1361 3136 1503 3215 Christe,
1518 3137 1588 3215 dre,
1605 3159 1636 3221 p.
1654 3138 1706 3204 70.

437 3243 637 3306 Benedictio
654 3243 842 3305 cotidiana.
888 3240 1033 3304 Benedic
1049 3239 1189 3304 Domine
1206 3240 1454 3322 omnem'jstum
1471 3240 1642 3319 familiam,
1658 3241 1728 3318 &c.‚
1745 3263 1776 3325 p.
1794 3239 1846 3306 79.

436 3345 635 3409 Benedictio
652 3347 840 3409 cotidiana.
886 3346 1059 3429 Agnoscat
1073 3343 1246 3420 Dominus,
1262 3345 1332 3421 dre,
1350 3367 1380 3430 p.
1398 3345 1449 3412 79.

436 3448 636 3513 Benedictio
650 3450 846 3530 vespertina
862 3448 903 3511 de
920 3448 1106 3512 cotidianis
1122 3449 1251 3512 diebus.
1297 3447 1349 3510 Ad
1366 3447 1631 3524 custodiendum,
1651 3450 1716 3524 dic,
1733 3469 1764 3532 p.
1781 3448 1833 3512 81.

435 3552 480 3615 In
496 3553 551 3616 die
565 3553 710 3616 Natalis
725 3552 865 3616 Domini
881 3552 931 3615 ad
952 3552 1146 3633 Vesperum.
1192 3551 1283 3615 Deus
1298 3552 1354 3636 qui
1370 3551 1561 3628 adventum,
1576 3553 1648 3627 &c.,
1663 3572 1695 3637 p.
1712 3553 1764 3615 83.

436 3654 481 3718 In
495 3655 623 3719 Natali
637 3656 917 3721 Manbaboeorunt
931 3653 1025 3741 (Kal.
1041 3654 1153 3741 Aug).
1199 3654 1328 3719 Exaudi
1345 3676 1469 3740 preces,
1485 3654 1556 3731 uc,
1572 3677 1603 3739 p.
1620 3654 1672 3720 st.

436 3845 470 3909 It
484 3843 553 3908 will
570 3846 610 3909 be
626 3846 787 3910 observed
804 3847 880 3911 that
895 3844 1024 3910 seversl
1041 3850 1078 3910 st
1093 3845 1180 3910 letist
1195 3847 1233 3910 of
1251 3847 1309 3911 the
1333 3847 1436 3911 above
1453 3867 1510 3911 sre
1530 3843 1653 3930 clearly
1669 3849 1728 3910 not
1750 3845 1862 3911 Bless-

349 3950 425 4036 ings
441 3954 478 4015 st
492 3949 597 4025 Mass,
613 3950 674 4014 but
689 3956 726 4013 ut
740 3949 900 4032 Vespere.

436 4054 475 4117 ln
492 4052 549 4117 the
565 4051 678 4138 lurger
694 4051 867 4116 collection
885 4051 922 4114 of
944 4049 1151 4115 AEthelwold
1177 4059 1195 4087 “
1207 4049 1300 4134 Quod
1324 4051 1427 4135 ipse”
1453 4074 1568 4117 occurs
1592 4053 1624 4116 in
1651 4074 1750 4138 every
1774 4074 1860 4129 csse,

349 4161 468 4241 except
482 4176 562 4221 once
579 4177 621 4220 on
637 4178 669 4240 p.
686 4153 914 4234 78-namely,
931 4155 988 4217 the
1011 4152 1135 4218 Euster
1157 4153 1371 4218 Benediction
1389 4155 1511 4220 “Deus
1528 4157 1583 4240 qui
1606 4156 1776 4234 cslcstis,”
1789 4161 1860 4242 just

349 4259 479 4324 noticed
495 4279 617 4344 smong
631 4259 728 4321 those
754 4260 786 4319 in
813 4256 950 4341 Egbert,
966 4255 1077 4319 where
1093 4255 1188 4320 there
1211 4256 1241 4320 is
1265 4277 1309 4320 no
1335 4257 1471 4343 regular
1493 4259 1702 4338 conclusion3
1726 4281 1764 4326 ss
1788 4260 1861 4326 also

348 4364 444 4428 there
460 4382 517 4426 ure
533 4368 599 4426 two
616 4360 744 4425 similar
757 4359 990 4425 Benedictions
1012 4358 1047 4421 in
1065 4358 1203 4444 Egbert,
1220 4360 1368 4445 possibly
1384 4369 1443 4427 not
1465 4363 1547 4427 used
1569 4369 1606 4429 st
1629 4364 1733 4441 Mass,
1749 4364 1860 4429 where

350 4464 481 4528 neither
498 4472 516 4499 “
528 4463 620 4548 Quod
636 4464 707 4548 ipse
719 4469 736 4496 ”
753 4484 816 4527 nor
831 4461 923 4526 “Ille
939 4466 1027 4527 vos”
1043 4461 1074 4526 is
1088 4461 1209 4539 found;
1232 4463 1328 4527 these
1343 4485 1400 4529 are
1411 4486 1465 4528 :-

420 4705 554 4776 ²Among
568 4705 619 4761 173
633 4705 725 4761 Forms
738 4707 765 4761 in
782 4706 968 4770 dithelwold's
986 4706 1196 4775 Benedicticunl,
1209 4723 1287 4761 seren
1307 4707 1375 4763 have
1392 4707 1456 4781 only
1476 4720 1529 4765 two
1546 4719 1690 4781 sentences,
1705 4711 1759 4766 aad
1776 4711 1859 4766 about

348 4792 435 4864 thirty
448 4791 515 4846 hare
528 4791 588 4847 four
601 4809 631 4847 or
643 4809 723 4849 more.
762 4793 818 4848 But
830 4811 902 4850 some
914 4795 944 4850 of
954 4795 1028 4850 these
1039 4811 1084 4848 ure
1096 4793 1237 4848 otherwise
1249 4793 1356 4850 divided
1369 4795 1518 4852 elsewhere.
