4440 5760
997 618 1184 669 APPDNDIX
1208 617 1246 664 11.

792 794 912 857 Oratio
928 794 976 854 ad
991 792 1222 856 ordinandum
1238 791 1429 854 diaconum.
1446 797 1461 826 ¹¹

457 893 596 958 Oremus
610 893 818 959 dilectissimi
832 893 939 958 Deum
955 894 1088 958 Patrem
1106 941 1114 958 .
1132 940 1139 955 .
1157 940 1164 956 .
1180 891 1237 976 qui
1254 913 1328 956 cum
1345 891 1422 973 [eo].
1467 891 1506 955 E.
1525 891 1576 954 19.

1058 995 1158 1057 Alia.
1176 1005 1190 1034 '

455 1098 584 1162 Exaudi
599 1097 738 1163 Domine
751 1119 865 1184 preces
881 1105 1013 1162 nostras
1029 1145 1036 1160 .
1054 1144 1061 1160 .
1080 1145 1087 1162 .
1106 1097 1123 1131 ⁴*
1139 1101 1173 1160 et
1188 1101 1252 1161 tna
1267 1096 1410 1181 gratiam
1428 1144 1435 1159 .
1454 1144 1461 1159 .
1480 1143 1486 1158 .
1503 1094 1691 1180 exemplum
1705 1095 1863 1179 praebere

369 1220 439 1284 per.
484 1199 525 1264 Ε.
542 1201 594 1264 19.

1055 1300 1152 1364 item.
1170 1309 1188 1336 '¹

455 1405 594 1470 Domine
609 1403 700 1468 Deus
716 1405 933 1488 omnipotens,
949 1423 1063 1487 preces
1085 1408 1219 1467 nostras
1240 1402 1420 1467 clementer
1435 1403 1575 1479 exaudi;
1599 1406 1738 1486 atquae
1759 1407 1874 1465 nostro

369 1513 448 1572 sunt
469 1508 614 1592 gerenda
635 1507 781 1583 servitio,
798 1513 855 1570 tuo
878 1507 1018 1591 benigne
1041 1505 1255 1590 prosequaris
1273 1505 1408 1581 auxilio,
1425 1510 1460 1569 et
1482 1525 1565 1590 quos
1589 1504 1693 1569 sacris
1716 1504 1874 1568 misteriis

368 1610 578 1694 exequendis,
604 1630 663 1694 pro
687 1626 803 1672 nostra
829 1607 1052 1693 intelligentia
1077 1607 1242 1671 credimus
1268 1607 1463 1683 offerendos,
1491 1611 1551 1670 tua
1576 1606 1689 1691 potius
1714 1605 1874 1670 electione

366 1709 538 1791 justifices.

911 1811 1129 1875 consecratio
1145 1808 1329 1895 [Diaconi].

162 1930 179 1965 r
197 1926 269 1991 pol,
285 1926 337 1991 61),
455 1911 580 1976 Adesto
603 1933 804 1997 quaesumus
827 1913 1035 1997 omnipotens
1058 1911 1159 1987 Deus,
1174 1911 1336 1974 honorum
1351 1910 1448 1976 dator
1473 1959 1504 1975 ..
1523 1959 1529 1974 .
1553 1910 1712 1996 gradibus
1729 1910 1746 1946 *
1761 1909 1874 1973 minis-

166 2028 315 2111 *F01,7‚
369 2019 506 2077 trorum.
635 2014 674 2077 E.
693 2015 743 2078 19.
807 2015 997 2098 ...pudor
1019 2020 1175 2079 constans
1200 2014 1216 2049 ³
1239 2013 1434 2077 innocentia
1457 2013 1589 2096 puritas
1695 2018 1874 2085 mereatur,

370 2138 439 2200 per.
485 2117 522 2180 E.
538 2118 592 2181 20.

723 2220 785 2281 Ad
800 2220 1099 2282 consummandum
1114 2218 1320 2282 diaconatus
1336 2218 1487 2302 officium.
1502 2225 1517 2252 ¹

455 2321 634 2385 Commune
651 2325 765 2384 votum
784 2368 814 2383 ..
833 2368 840 2383 .
859 2321 997 2397 eluceat,
1013 2321 1088 2384 Per.
1132 2321 1170 2385 Ε.
1187 2321 1240 2384 20.

933 2425 1099 2506 Sequitur
1114 2423 1311 2487 benedictio.

161 2545 335 2628 u1.=01·7b⁴
454 2523 594 2588 Domine
619 2525 738 2588 Sancto
764 2525 835 2608 spei
860 2573 918 2588 ...
943 2526 960 2560 ⁴⁵
984 2526 1108 2589 sanctis
1130 2524 1293 2589 altaribus
1317 2572 1324 2588 .
1344 2572 1376 2586 ..
1401 2526 1586 2588 instructus
1608 2523 1742 2609 polleat,
1768 2532 1782 2571 ³
1804 2544 1873 2607 per.
1901 2592 1907 2606 ,

368 2627 406 2691 Ε.
423 2626 477 2704 20,
493 2627 546 2690 21.

455 2730 587 2810 Incipit
609 2730 723 2792 oratio
739 2737 751 2765 ¹
766 2731 815 2792 ad
836 2728 944 2793 stolae
966 2729 1019 2794 uel
1035 2730 1200 2811 planetas
1225 2731 1473 2794 benedicendae
1488 2741 1503 2770 ⁸
1518 2731 1656 2812 quando
1673 2729 1793 2794 levitae
1816 2749 1875 2793 eeu

363 2834 547 2915 presbiteri
564 2833 757 2894 ordinandi
773 2842 862 2906 aunt,
879 2842 941 2896 aut
956 2834 1111 2896 ordinati
1127 2834 1262 2914 quidem
1278 2853 1348 2896 esse
1362 2833 1589 2914 reperiuntur.
1634 2831 1672 2896 Ε.
1690 2832 1741 2895 16.

453 2935 544 2999 Deus
562 2934 692 2997 invictae
708 2934 842 2998 virtutis
859 2982 866 2997 .
885 2982 892 2997 .
911 2983 918 2998 .
935 2933 1119 2998 seculorum
1136 2933 1189 3018 (E.
1206 2933 1272 3018 16).
1288 2937 1304 2974 b
1347 2935 1464 2998 Amen.

455 3038 542 3100 Post
558 3057 600 3099 ea
615 3037 766 3116 inponas
782 3035 905 3099 atulam
918 3057 1023 3118 super
1039 3037 1163 3099 collum
1180 3035 1312 3113 levitae,
1328 3039 1443 3100 dicens
1465 3036 1553 3100 tanc
1576 3038 1764 3100 orationem
1787 3056 1874 3119 quae

363 3139 543 3221 posthaec
559 3140 729 3218 inscripta
745 3148 804 3201 est.
823 3138 837 3173 ³⁸
854 3144 867 3174 ⁶

161 3262 177 3294 u
193 3260 263 3324 pol·
282 3261 311 3323 8,
454 3242 495 3304 In
510 3239 646 3303 nomine
664 3239 805 3303 Sanctae
822 3238 997 3303 Trinitatis
1014 3287 1022 3302 .
1038 3285 1047 3303 .
1065 3287 1072 3302 .
1090 3238 1285 3316 seculorum,
1301 3260 1407 3304 amen.
1422 3237 1438 3276 ⁴¹
1482 3239 1521 3303 Ε.
1538 3240 1590 3316 17,
1606 3241 1658 3304 18.

664 3342 885 3404 consecratio
900 3362 1060 3404 manuum
1076 3343 1215 3405 diaconi
1231 3344 1273 3406 de
1288 3342 1360 3406 oleo
1375 3354 1387 3383 ⁶
1403 3351 1435 3406 et
1450 3343 1586 3405 cauma.
1688 3343 1692 3352 '

455 3443 701 3508 Consecrentur
715 3463 834 3506 manus
848 3443 933 3507 istae
951 3492 958 3506 .
977 3492 984 3507 .
1003 3491 1010 3507 .
1026 3444 1231 3508 sanctificata
1248 3444 1325 3520 sint,
1340 3465 1408 3528 per.
1468 3443 1506 3507 E.
1522 3443 1575 3506 21.

438 3751 629 3805 u‘Benedictio
641 3751 774 3819 amdan)
811 3751 841 3807 Ε.
856 3753 898 3807 19.

436 3847 451 3875 V
465 3839 545 3892 ‘Alia
556 3840 696 3892 baama
709 3839 824 3893 Diaconi
835 3842 888 3894 siue
899 3840 1079 3898 Diaconum!
1116 3841 1147 3896 Ε.
1163 3841 1203 3896 19.

437 3933 455 3962 '¹
468 3924 497 3979 Ε.
511 3926 592 3978 omits
605 3925 659 3978 this
671 3926 778 3996 Prayer.

436 4022 451 4050 ¹
466 4013 546 4067 ‘item
557 4013 659 4066 anua
671 4013 708 4065 ad
719 4012 923 4065 mnaeroandum
936 4015 1092 4068 diaconatus
1101 4014 1197 4083 officii.¹
1234 4014 1264 4066 Ε.
1280 4013 1323 4068 20.

435 4099 655 4171 ruompuceat:
669 4097 699 4152 Ε,
713 4098 755 4151 21.
797 4098 948 4169 ‘polleant’
963 4101 1007 4153 nt
1046 4099 1176 4170 ‘pollent'
1191 4118 1235 4155 aa.

435 4187 632 4240 ¹⁴benedictio.'
669 4184 699 4237 Ε.
715 4184 756 4237 16.

434 4281 449 4310 ⁸
460 4272 536 4327 Omit
549 4272 764 4326 ‘benedicendae'
802 4269 831 4323 Ε.

436 4358 449 4396 b
463 4360 617 4428 ‘Incipiunt
629 4359 758 4411 matium
770 4357 807 4410 ad
820 4357 969 4411 outimenta
982 4397 989 4410 .
1003 4398 1008 4411 .
1024 4358 1043 4410 .'
1058 4357 1111 4425 (see
1123 4357 1228 4426 above).
1265 4357 1295 4412 Ε.
1311 4359 1352 4432 lo,
1368 4360 1409 4415 17.

435 4448 565 4500 ⁰‘leu1'tac
576 4448 682 4500 diane:
702 4444 804 4514 Jupum
816 4445 886 4499 enim
898 4461 976 4498 auare
987 4448 1068 4513 atet
1084 4461 1152 4498 onus
1170 4462 1256 4499 meum
1272 4446 1330 4501 lere.
1366 4448 1432 4502 Post
1442 4449 1533 4501 oratio.
1570 4445 1605 4501 In
1618 4448 1744 4503 nomine)
1781 4447 1810 4501 Ε.
1821 4449 1869 4510 17,

365 4532 434 4586 Brit.
447 4532 517 4586 dius.
533 4534 628 4588 Ulaud
642 4533 677 4586 A.
693 4532 717 4587 3.

434 4617 579 4688 ⁴¹‘Incipit
591 4637 674 4673 camo
687 4619 837 4673 innocentii
847 4618 936 4688 Papa
952 4619 984 4673 de
1001 4620 1046 4673 aii.
1062 4618 1191 4688 praua
1208 4618 1343 4677 AEumiae
1360 4621 1525 4678 ordinandis.
1562 4620 1629 4678 Hosc
1646 4630 1736 4677 anum
1755 4622 1871 4693 singulis

365 4745 371 4760 .
386 4747 392 4759 .
407 4746 413 4759 .
426 4705 569 4759 admittere
581 4706 686 4762 debent.
723 4707 825 4762 Deinde
836 4708 912 4762 donet
923 4708 947 4762 ei
959 4707 1144 4776 manipsdum!
1180 4706 1210 4761 Ε.
1226 4706 1267 4761 18.

435 4793 527 4846 “oleo
538 4794 644 4847 canoto!
680 4793 766 4848 1121.
